
% Journals

% First the Full Name is given, then the abbreviation used in the AMS Math
% Reviews, with an indication if it could not be found there.
% Note the 2nd overwrites the 1st, so swap them if you want the full name.

 %{AMS}
 @String{AMSTrans = "American Mathematical Society Translations" }
 @String{AMSTrans = "Amer. Math. Soc. Transl." }
 @String{BullAMS = "Bulletin of the American Mathematical Society" }
 @String{BullAMS = "Bull. Amer. Math. Soc." }
 @String{ProcAMS = "Proceedings of the American Mathematical Society" }
 @String{ProcAMS = "Proc. Amer. Math. Soc." }
 @String{TransAMS = "Transactions of the American Mathematical Society" }
 @String{TransAMS = "Trans. Amer. Math. Soc." }

 %ACM
 @String{CACM = "Communications of the {ACM}" }
 @String{CACM = "Commun. {ACM}" }
 @String{CompServ = "Comput. Surveys" }
 @String{JACM = "J. ACM" }
 @String{ACMMathSoft = "{ACM} Transactions on Mathematical Software" }
 @String{ACMMathSoft = "{ACM} Trans. Math. Software" }
 @String{SIGNUM = "{ACM} {SIGNUM} Newsletter" }
 @String{SIGNUM = "{ACM} {SIGNUM} Newslett." }

 @String{AmerSocio = "American Journal of Sociology" }
 @String{AmerStatAssoc = "Journal of the American Statistical Association" }
 @String{AmerStatAssoc = "J. Amer. Statist. Assoc." }
 @String{ApplMathComp = "Applied Mathematics and Computation" }
 @String{ApplMathComp = "Appl. Math. Comput." }
 @String{AmerMathMonthly = "American Mathematical Monthly" }
 @String{AmerMathMonthly = "Amer. Math. Monthly" }
 @String{BIT = "{BIT}" }
 @String{BritStatPsych = "British Journal of Mathematical and Statistical
          Psychology" }
 @String{BritStatPsych = "Brit. J. Math. Statist. Psych." }
 @String{CanMathBull = "Canadian Mathematical Bulletin" }
 @String{CanMathBull = "Canad. Math. Bull." }
 @String{CompApplMath = "Journal of Computational and Applied Mathematics" }
 @String{CompApplMath = "J. Comput. Appl. Math." }
 @String{CompPhys = "Journal of Computational Physics" }
 @String{CompPhys = "J. Comput. Phys." }
 @String{CompStruct = "Computers and Structures" }
 @String{CompStruct = "Comput. \& Structures" }
 @String{CompJour = "The Computer Journal" }
 @String{CompJour = "Comput. J." }
 @String{CompSysSci = "Journal of Computer and System Sciences" }
 @String{CompSysSci = "J. Comput. System Sci." }
 @String{Computing = "Computing" }
 @String{ContempMath = "Contemporary Mathematics" }
 @String{ContempMath = "Contemp. Math." }
 @String{Crelle = "Crelle's Journal" }
 @String{GiornaleMath = "Giornale di Mathematiche" }
 @String{GiornaleMath = "Giorn. Mat." } % didn't find in AMS MR., ibid.

 %IEEE
 @String{Computer = "{IEEE} Computer" }
 @String{IEEETransComp = "{IEEE} Transactions on Computers" }
 @String{IEEETransComp = "{IEEE} Trans. Comput." }
 @String{IEEETransAC = "{IEEE} Transactions on Automatic Control" }
 @String{IEEETransAC = "{IEEE} Trans. Automat. Control" }
 @String{IEEESpec = "{IEEE} Spectrum" } % didn't find in AMS MR
 @String{ProcIEEE = "Proceedings of the {IEEE}" }
 @String{ProcIEEE = "Proc. {IEEE}" } % didn't find in AMS MR
 @String{IEEETransAeroElec = "{IEEE} Transactions on Aerospace and Electronic
     Systems" }
 @String{IEEETransAeroElec = "{IEEE} Trans. Aerospace Electron. Systems" }

 @String{IMANumerAna = "{IMA} Journal of Numerical Analysis" }
 @String{IMANumerAna = "{IMA} J. Numer. Anal." }
 @String{InfProcLet = "Information Processing Letters" }
 @String{InfProcLet = "Inform. Process. Lett." }
 @String{InstMathApp = "Journal of the Institute of Mathematics and
     its Applications" }
 @String{InstMathApp = "J. Inst. Math. Appl." }
 @String{IntControl = "International Journal of Control" }
 @String{IntControl = "Internat. J. Control" }
 @String{IntNumerEng = "International Journal for Numerical Methods in
     Engineering" }
 @String{IntNumerEng = "Internat. J. Numer. Methods Engrg." }
 @String{IntSuper = "International Journal of Supercomputing Applications" }
 @String{IntSuper = "Internat. J. Supercomputing Applic." } % didn't find
%% in AMS MR
 @String{Kibernetika = "Kibernetika" }
 @String{JResNatBurStand = "Journal of Research of the National Bureau
     of Standards" }
 @String{JResNatBurStand = "J. Res. Nat. Bur. Standards" }
 @String{LinAlgApp = "Linear Algebra and its Applications" }
 @String{LinAlgApp = "Linear Algebra Appl." }
 @String{MathAnaAppl = "Journal of Mathematical Analysis and Applications" }
 @String{MathAnaAppl = "J. Math. Anal. Appl." }
 @String{MathAnnalen = "Mathematische Annalen" }
 @String{MathAnnalen = "Math. Ann." }
 @String{MathPhys = "Journal of Mathematical Physics" }
 @String{MathPhys = "J. Math. Phys." }
 @String{MathComp = "Mathematics of Computation" }
 @String{MathComp = "Math. Comp." }
 @String{MathScand = "Mathematica Scandinavica" }
 @String{MathScand = "Math. Scand." }
 @String{TablesAidsComp = "Mathematical Tables and Other Aids to Computation" }
 @String{TablesAidsComp = "Math. Tables Aids Comput." }
 @String{NumerMath = "Numerische Mathematik" }
 @String{NumerMath = "Numer. Math." }
 @String{PacificMath = "Pacific Journal of Mathematics" }
 @String{PacificMath = "Pacific J. Math." }
 @String{ParDistComp = "Journal of Parallel and Distributed Computing" }
 @String{ParDistComp = "J. Parallel and Distrib. Comput." } % didn't find
%% in AMS MR
 @String{ParComputing = "Parallel Computing" }
 @String{ParComputing = "Parallel Comput." }
 @String{PhilMag = "Philosophical Magazine" }
 @String{PhilMag = "Philos. Mag." }
 @String{ProcNAS = "Proceedings of the National Academy of Sciences
                    of the USA" }
 @String{ProcNAS = "Proc. Nat. Acad. Sci. U. S. A." }
 @String{Psychometrika = "Psychometrika" }
 @String{QuartMath = "Quarterly Journal of Mathematics, Oxford, Series (2)" }
 @String{QuartMath = "Quart. J. Math. Oxford Ser. (2)" }
 @String{QuartApplMath = "Quarterly of Applied Mathematics" }
 @String{QuartApplMath = "Quart. Appl. Math." }
 @String{RevueInstStat = "Review of the International Statisical Institute" }
 @String{RevueInstStat = "Rev. Inst. Internat. Statist." }

 %SIAM
 @String{JSIAM = "Journal of the Society for Industrial and Applied
     Mathematics" }
 @String{JSIAM = "J. Soc. Indust. Appl. Math." }
 @String{JSIAMB = "Journal of the Society for Industrial and Applied
     Mathematics, Series B, Numerical Analysis" }
 @String{JSIAMB = "J. Soc. Indust. Appl. Math. Ser. B Numer. Anal." }
 @String{SIAMAlgMeth = "{SIAM} Journal on Algebraic and Discrete Methods" }
 @String{SIAMAlgMeth = "{SIAM} J. Algebraic Discrete Methods" }
 @String{SIAMAppMath = "{SIAM} Journal on Applied Mathematics" }
 @String{SIAMAppMath = "{SIAM} J. Appl. Math." }
 @String{SIAMComp = "{SIAM} Journal on Computing" }
 @String{SIAMComp = "{SIAM} J. Comput." }
 @String{SIAMMatrix = "{SIAM} Journal on Matrix Analysis and Applications" }
 @String{SIAMMatrix = "{SIAM} J. Matrix Anal. Appl." }
 @String{SIAMNumAnal = "{SIAM} Journal on Numerical Analysis" }
 @String{SIAMNumAnal = "{SIAM} J. Numer. Anal." }
 @String{SIAMReview = "{SIAM} Review" }
 @String{SIAMReview = "{SIAM} Rev." }
 @String{SIAMSciStat = "{SIAM} Journal on Scientific and Statistical
     Computing" }
 @String{SIAMSciStat = "{SIAM} J. Sci. Statist. Comput." }

 @String{SoftPracExp = "Software Practice and Experience" }
 @String{SoftPracExp = "Software Prac. Experience" } % didn't find in AMS MR
 @String{StatScience = "Statistical Science" }
 @String{StatScience = "Statist. Sci." }
 @String{Techno = "Technometrics" }
 @String{USSRCompMathPhys = "{USSR} Computational Mathematics and Mathematical
     Physics" }
 @String{USSRCompMathPhys = "{U. S. S. R.} Comput. Math. and Math. Phys." }
 @String{VLSICompSys = "Journal of {VLSI} and Computer Systems" }
 @String{VLSICompSys = "J. {VLSI} Comput. Syst." }
 @String{ZAngewMathMech = "Zeitschrift fur Angewandte Mathematik und
     Mechanik" }
 @String{ZAngewMathMech = "Z. Angew. Math. Mech." }
 @String{ZAngewMathPhys = "Zeitschrift fur Angewandte Mathematik und Physik" }
 @String{ZAngewMathPhys = "Z. Angew. Math. Phys." }

% Publishers % ================================================= |

 @String{Academic = "Academic Press" }
 @String{ACMPress = "{ACM} Press" }
 @String{AdamHilger = "Adam Hilger" }
 @String{AddisonWesley = "Addison-Wesley" }
 @String{AllynBacon = "Allyn and Bacon" }
 @String{AMS = "American Mathematical Society" }
 @String{Birkhauser = "Birkha{\"u}ser" }
 @String{CambridgePress = "Cambridge University Press" }
 @String{Chelsea = "Chelsea" }
 @String{ClaredonPress = "Claredon Press" }
 @String{DoverPub = "Dover Publications" }
 @String{Eyolles = "Eyolles" }
 @String{HoltRinehartWinston = "Holt, Rinehart and Winston" }
 @String{Interscience = "Interscience" }
 @String{JohnsHopkinsPress = "The Johns Hopkins University Press" }
 @String{JohnWileySons = "John Wiley and Sons" }
 @String{Macmillan = "Macmillan" }
 @String{MathWorks = "The Math Works Inc." }
 @String{McGrawHill = "McGraw-Hill" }
 @String{NatBurStd = "National Bureau of Standards" }
 @String{NorthHolland = "North-Holland" }
 @String{OxfordPress = "Oxford University Press" }  %address Oxford or London?
 @String{PergamonPress = "Pergamon Press" }
 @String{PlenumPress = "Plenum Press" }
 @String{PrenticeHall = "Prentice-Hall" }
 @String{SIAMPub = "{SIAM} Publications" }
 @String{Springer = "Springer-Verlag" }
 @String{TexasPress = "University of Texas Press" }
 @String{VanNostrand = "Van Nostrand" }
 @String{WHFreeman = "W. H. Freeman and Co." }

%Entries

@Article{Abril07,
  author        = "Patricia S. Abril and Robert Plant",
  title         = "The patent holder's dilemma: Buy, sell, or troll?",
  journal       = "Communications of the ACM",
  volume        = "50",
  number        = "1",
  month         = jan,
  year          = "2007",
  pages         = "36--44",
  doi           = "10.1145/1188913.1188915",
  url           = "http://doi.acm.org/10.1145/1219092.1219093",
  note          = "",
}

@Article{Cohen07,
  author        = "Sarah Cohen and Werner Nutt and Yehoshua Sagic",
  title         = "Deciding equivalances among conjunctive aggregate queries",
  journal       = JACM,
  articleno     = 5,
  numpages      = 50,
  volume        = 54,
  number        = 2,
  month         = apr,
  year          = 2007,
  doi           = "10.1145/1219092.1219093",
  url           = "http://doi.acm.org/10.1145/1219092.1219093",
  acmid         = 1219093,
}


@periodical{JCohen96,
  key =          "Cohen",
  editor =       "Jacques Cohen",
  title =        "Special issue: Digital Libraries",
  journal =      CACM,
  volume =       "39",
  number =       "11",
  month =        nov,
  year =         "1996",
}


@Book{Kosiur01,
  author =       "David Kosiur",
  title =        "Understanding Policy-Based Networking",
  publisher =    "Wiley",
  year =         "2001",
  address =      "New York, NY",
  edition =      "2nd.",
  editor =       "",
  volume =       "",
  number =       "",
  series =       "",
  month =        "",
  note =         "",
}


@Book{Harel79,
  author =       "David Harel",
  year =         "1979",
  title =        "First-Order Dynamic Logic",
  series =       "Lecture Notes in Computer Science",
  volume =       "68",
  address =      "New York, NY",
  publisher =    "Springer-Verlag",
  doi =          "10.1007/3-540-09237-4",
  url =          "http://dx.doi.org/10.1007/3-540-09237-4",
  editor =       "",
  number =       "",
  month =        "",
  note =         "",
}


@Inbook{Editor00,
  author =       "",
  editor =       "Ian Editor",
  title =        "The title of book one",
  subtitle =     "The book subtitle",
  series =       "The name of the series one",
  year =         "2007",
  volume =       "9",
  address =      "Chicago",
  edition =      "1st.",
  publisher =    "University of Chicago Press",
  doi =          "10.1007/3-540-09237-4",
  url =          "http://dx.doi.org/10.1007/3-540-09456-9",
  chapter =      "",
  pages =        "",
  number =       "",
  type =         "",
  month =        "",
  note =         "",
}

%
@InBook{Editor00a,
  author =       "",
  editor =       "Ian Editor",
  title =        "The title of book two",
  subtitle =     "The book subtitle",
  series =       "The name of the series two",
  year =         "2008",
  address =      "Chicago",
  edition =      "2nd.",
  publisher =    "University of Chicago Press",
  doi =          "10.1007/3-540-09237-4",
  url =          "http://dx.doi.org/10.1007/3-540-09456-9",
  volume =       "",
  chapter =      "100",
  pages =        "",
  number =       "",
  type =         "",
  month =        "",
  note =         "",
}


% incollection (has an editor, title, and possibly a booktitle)
@Incollection{Spector90,
  author =       "Asad Z. Spector",
  title =        "Achieving application requirements",
  booktitle =    "Distributed Systems",
  publisher =    "ACM Press",
  address =      "New York, NY",
  year =         "1990",
  edition =      "2nd.",
  chapter =      "",
  editor =       "Sape Mullender",
  pages =        "19--33",
  doi =          "10.1145/90417.90738",
  url =          "http://doi.acm.org/10.1145/90417.90738",
  volume =       "",
  number =       "",
  series =       "",
  type =         "",
  month =        "",
  note =         "",
}


% incollection (has an editor, title, and possibly a booktitle)
@Incollection{Douglass98,
  author =       "Bruce P. Douglass and David Harel and Mark B. Trakhtenbrot",
  title =        "Statecarts in use: structured analysis and object-orientation",
  series =       "Lecture Notes in Computer Science",
  booktitle =    "Lectures on Embedded Systems",
  publisher =    "Springer-Verlag",
  address =      "London",
  volume =       "1494",
  year =         "1998",
  chapter =      "",
  editor =       "Grzegorz Rozenberg and Frits W. Vaandrager",
  pages =        "368--394",
  doi =          "10.1007/3-540-65193-4_29",
  url =          "http://dx.doi.org/10.1007/3-540-65193-4_29",
  edition =      "",
  number =       "",
  type =         "",
  month =        "",
  note =         "",
}


@Book{Knuth97,
  author =       "Donald E. Knuth",
  title =        "The Art of Computer Programming, Vol. 1: Fundamental Algorithms (3rd. ed.)",
  publisher =    "Addison Wesley Longman Publishing Co., Inc.",
  year =         "1997",
  address =      "",
  edition =      "",
  editor =       "",
  volume =       "",
  number =       "",
  series =       "",
  month =        "",
  note =         "",
}


@Book{Knuth98,
  author =       "Donald E. Knuth",
  year =         "1998",
  title =        "The Art of Computer Programming",
  series =       "Fundamental Algorithms",
  volume =       "1",
  edition =      "3rd",
  address =      "",
  publisher =    "Addison Wesley Longman Publishing Co., Inc.",
  doi =          "",
  url =          "",
  editor =       "",
  number =       "",
  month =        "",
  note =         "(book)",
}

%Inbook{Knuth97,
%  author =       "Donald E. Knuth",
%  title =        "The Art of Computer Programming",
%  booktitle =    "the booktitle",
%  edition =      "3",
%  volume =       "1",
%  year =         "1997",
%  publisher =    "Addison Wesley Longman Publishing Co., Inc.",
%  editor =       "",
%  number =       "",
%  series =       "Fundamental Algorithms",
%  type =         "",
%  chapter =      "",
%  pages =        "",
%  address =      "",
%  month =        "",
%  note =         "(inbook)",
%}

%INBOOK{DK:73-inbook-full,
%   author = "Donald E. Knuth",
%   title = "Fundamental Algorithms (inbook w series)",
%   volume = 1,
%   series = "The Art of Computer Programming",
%   publisher = "Addison-Wesley",
%   address = "Reading, Massachusetts",
%   edition = "Second",
%   month = "10~" # jan,
%   year = "1973",
%   type = "Section",
%   chapter = "1.2",
%   pages = "10--119",
%   note = "Full INBOOK entry (w series)",
%}

%INcollection{DK:74-incoll,
%   author = "Donald E. Knuth",
%   title = "Fundamental Algorithms (incoll)",
%   volume = 1,
%   booktitle = "The Art of Computer Programming",
%   publisher = "Addison-Wesley",
%   address = "Reading, Massachusetts",
%   month = "10~" # jan,
%   year = "1974",
%   pages = "10--119",
%   editor = "Bernard Rous",
%   note = "This is a full incoll entry with an editor",
%}

%INcollection{DK:75-incollws,
%   author = "Donald E. Knuth",
%   title = "Fundamental Algorithms (incoll w series)",
%   volume = 1,
%   booktitle = "The Art of Computer Programming",
%   series = "The Art of Computer Programming",
%   publisher = "Addison-Wesley",
%   address = "Reading, Massachusetts",
%   month = "10~" # jan,
%   year = "1975",
%   pages = "10--119",
%   editor = "Bernard Rous",
%   note = "This is a full incoll entry with an editor and series",
%}


@incollection{GM05,
Author= "Dan Geiger and Christopher Meek",
Title= "Structured Variational Inference Procedures and their Realizations (as incol)",
Year= 2005,
Booktitle="Proceedings of Tenth International Workshop on Artificial Intelligence and Statistics, {\rm The Barbados}",
Publisher="The Society for Artificial Intelligence and Statistics",
Month= jan,
Editors= "Z. Ghahramani and R. Cowell"
}

@Inproceedings{Smith10,
  author =       "Stan W. Smith",
  title =        "An experiment in bibliographic mark-up: Parsing metadata for XML export",
  booktitle =    "Proceedings of the 3rd. annual workshop on Librarians and Computers",
  series =       "LAC '10",
  editor =       "Reginald N. Smythe and Alexander Noble",
  volume =       "3",
  year =         "2010",
  publisher =    "Paparazzi Press",
  address =      "Milan Italy",
  pages =        "422--431",
  doi =          "99.9999/woot07-S422",
  url =          "http://dx.doi.org/99.0000/woot07-S422",
  number =       "",
  month =        "",
  organization = "",
  note =         "",
}

@Inproceedings{VanGundy07,
  author =       "Matthew Van Gundy and Davide Balzarotti and Giovanni Vigna",
  year =         2007,
  title =        "Catch me, if you can: Evading network signatures with web-based polymorphic worms",
  booktitle =    "Proceedings of the first USENIX workshop on Offensive Technologies",
  series =       "WOOT '07",
  publisher =    "USENIX Association",
  address =      "Berkley, CA",
  articleno =    {Paper 7},
  numpages =     9,
}

@Inproceedings{VanGundy08,
  author =       "Matthew Van Gundy and Davide Balzarotti and Giovanni Vigna",
  year =         2008,
  title =        "Catch me, if you can: Evading network signatures with web-based polymorphic worms",
  booktitle =    "Proceedings of the first USENIX workshop on Offensive Technologies",
  series =       "WOOT '08",
  publisher =    "USENIX Association",
  address =      "Berkley, CA",
  articleno =    7,
  numpages =     2,
  pages =        "99-100",
}

@Inproceedings{VanGundy09,
  author =       "Matthew Van Gundy and Davide Balzarotti and Giovanni Vigna",
  year =         2009,
  title =        "Catch me, if you can: Evading network signatures with web-based polymorphic worms",
  booktitle =    "Proceedings of the first USENIX workshop on Offensive Technologies",
  series =       "WOOT '09",
  publisher =    "USENIX Association",
  address =      "Berkley, CA",
  pages =        "90--100",
}

@Inproceedings{Andler79,
  author =       "Sten Andler",
  title =        "Predicate Path expressions",
  booktitle =    "Proceedings of the 6th. ACM SIGACT-SIGPLAN symposium on Principles of Programming Languages",
  series =       "POPL '79",
  year =         "1979",
  publisher =    "ACM Press",
  address =      "New York, NY",
  pages =        "226--236",
  doi =          "10.1145/567752.567774",
  url =          "http://doi.acm.org/10.1145/567752.567774",
  editor =       "",
  volume =       "",
  number =       "",
  month =        "",
  organization = "",
  note =         "",
}

@Techreport{Harel78,
  author =       "David Harel",
  year =         "1978",
  title =        "LOGICS of Programs: AXIOMATICS and DESCRIPTIVE POWER",
  institution =  "Massachusetts Institute of Technology",
  type =         "MIT Research Lab Technical Report",
  number =       "TR-200",
  address =      "Cambridge, MA",
  month =        "",
  note =         "",
}

@MASTERSTHESIS{anisi03,
author = {David A. Anisi},
title = {Optimal Motion Control of a Ground Vehicle},
school = {Royal Institute of Technology (KTH), Stockholm, Sweden},
intitution = {FOI-R-0961-SE, Swedish Defence Research Agency (FOI)},
year = {2003},
}


@Phdthesis{Clarkson85,
  author =       "Kenneth L. Clarkson",
  year =         "1985",
  title =        "Algorithms for Closest-Point Problems (Computational Geometry)",
  school =       "Stanford University",
  address =      "Palo Alto, CA",
  note =         "UMI Order Number: AAT 8506171",
  type =         "",
  month =        "",
}


@online{Thornburg01,
  author =       "Harry Thornburg",
  year =         "2001",
  title =        "Introduction to Bayesian Statistics",
  url =          "http://ccrma.stanford.edu/~jos/bayes/bayes.html",
  month =        mar,
  lastaccessed = "March 2, 2005",
}


@online{Ablamowicz07,
  author =       "Rafal Ablamowicz and Bertfried Fauser",
  year =         "2007",
  title =        "CLIFFORD: a Maple 11 Package for Clifford Algebra Computations, version 11",
  url =          "http://math.tntech.edu/rafal/cliff11/index.html",
  lastaccessed = "February 28, 2008",
}


@misc{Poker06,
  author =       "Poker-Edge.Com",
  year =         "2006",
  month =        mar,
  title =        "Stats and Analysis",
  lastaccessed = "June 7, 2006",
  url =          "http://www.poker-edge.com/stats.php",
}

@misc{Obama08,
  author        = "Barack Obama",
  year          = "2008",
  title         = "A more perfect union",
  howpublished  = "Video",
  day           = "5",
  url           = "http://video.google.com/videoplay?docid=6528042696351994555",
  month         = mar,
  lastaccessed  = "March 21, 2008",
  note          =  "",
}

@misc{JoeScientist001,
  author =       "Joseph Scientist",
  year =         "2009",
  title =        "The fountain of youth",
  note =         "Patent No. 12345, Filed July 1st., 2008, Issued Aug. 9th., 2009",
  url =          "",
  howpublished = "",
  month =        aug,
  lastaccessed = "",
}


@Inproceedings{Novak03,
  author =       "Dave Novak",
  title =        "Solder man",
  booktitle =    "ACM SIGGRAPH 2003 Video Review on Animation theater Program: Part I - Vol. 145 (July 27--27, 2003)",
  year =         "2003",
  publisher =    "ACM Press",
  address =      "New York, NY",
  pages =        "4",
  month =        "March 21, 2008",
  doi =          "99.9999/woot07-S422",
  url =          "http://video.google.com/videoplay?docid=6528042696351994555",
  note =         "",
  howpublished = "Video",
  editor =       "",
  volume =       "",
  number =       "",
  series =       "",
  organization = "",
}


@article{Lee05,
  author =       "Newton Lee",
  year =         "2005",
  title =        "Interview with Bill Kinder: January 13, 2005",
  journal =      "Comput. Entertain.",
  eid =          "4",
  volume =       "3",
  number =       "1",
  month =        "Jan.-March",
  doi =          "10.1145/1057270.1057278",
  url =          "http://doi.acm.org/10.1145/1057270.1057278",
  howpublished = "Video",
  note =         "",
}

@article{Rous08,
  author =       "Bernard Rous",
  year =         "2008",
  title =        "The Enabling of Digital Libraries",
  journal =      "Digital Libraries",
  volume =       "12",
  number =       "3",
  month =        jul,
  articleno =    "Article~5",
  doi =          "",
  url =          "",
  howpublished = "",
  note =         "To appear",
}

@article{384253,
 author = {Werneck,, Renato and Setubal,, Jo\~{a}o and da Conceic\~{a}o,, Arlindo},
 title = {(old) Finding minimum congestion spanning trees},
 journal = {J. Exp. Algorithmics},
 volume = {5},
 year = {2000},
 issn = {1084-6654},
 pages = {11},
 doi = {http://doi.acm.org/10.1145/351827.384253},
 publisher = {ACM},
 address = {New York, NY, USA},
 }


@article{Werneck:2000:FMC:351827.384253,
 author = {Werneck, Renato and Setubal, Jo\~{a}o and da Conceic\~{a}o, Arlindo},
 title = {(new) Finding minimum congestion spanning trees},
 journal = {J. Exp. Algorithmics},
 volume = 5,
 month = dec,
 year = 2000,
 issn = {1084-6654},
 articleno = 11,
 url = {http://portal.acm.org/citation.cfm?id=351827.384253},
 doi = {10.1145/351827.384253},
 acmid = 384253,
 publisher = {ACM},
 address = {New York, NY, USA},
}

@article{1555162,
 author = {Conti, Mauro and Di Pietro, Roberto and Mancini, Luigi V. and Mei, Alessandro},
 title = {(old) Distributed data source verification in wireless sensor networks},
 journal = {Inf. Fusion},
 volume = {10},
 number = {4},
 year = {2009},
 issn = {1566-2535},
 pages = {342--353},
 doi = {http://dx.doi.org/10.1016/j.inffus.2009.01.002},
 publisher = {Elsevier Science Publishers B. V.},
 address = {Amsterdam, The Netherlands, The Netherlands},
 }

@article{Conti:2009:DDS:1555009.1555162,
 author = {Conti, Mauro and Di Pietro, Roberto and Mancini, Luigi V. and Mei, Alessandro},
 title = {(new) Distributed data source verification in wireless sensor networks},
 journal = {Inf. Fusion},
 volume = {10},
 number = {4},
 month = oct,
 year = {2009},
 issn = {1566-2535},
 pages = {342--353},
 numpages = {12},
 url = {http://portal.acm.org/citation.cfm?id=1555009.1555162},
 doi = {10.1016/j.inffus.2009.01.002},
 acmid = {1555162},
 publisher = {Elsevier Science Publishers B. V.},
 address = {Amsterdam, The Netherlands, The Netherlands},
 keywords = {Clone detection, Distributed protocol, Securing data fusion, Wireless sensor networks},
}

@inproceedings{Li:2008:PUC:1358628.1358946,
 author = {Li, Cheng-Lun and Buyuktur, Ayse G. and Hutchful, David K. and Sant, Natasha B. and Nainwal, Satyendra K.},
 title = {Portalis: using competitive online interactions to support aid initiatives for the homeless},
 booktitle = {CHI '08 extended abstracts on Human factors in computing systems},
 year = {2008},
 isbn = {978-1-60558-012-X},
 location = {Florence, Italy},
 pages = {3873--3878},
 numpages = {6},
 url = {http://portal.acm.org/citation.cfm?id=1358628.1358946},
 doi = {10.1145/1358628.1358946},
 acmid = {1358946},
 publisher = {ACM},
 address = {New York, NY, USA},
 keywords = {cscw, distributed knowledge acquisition, incentive design, online games, recommender systems, reputation systems, user studies, virtual community},
}

@book{Hollis:1999:VBD:519964,
 author = {Hollis, Billy S.},
 title = {Visual Basic 6: Design, Specification, and Objects with Other},
 year = {1999},
 isbn = {0130850845},
 edition = {1st},
 publisher = {Prentice Hall PTR},
 address = {Upper Saddle River, NJ, USA},
 }


@book{Goossens:1999:LWC:553897,
 author = {Goossens, Michel and Rahtz, S. P. and Moore, Ross and Sutor, Robert S.},
 title = {The  Latex Web Companion: Integrating TEX, HTML, and XML},
 year = {1999},
 isbn = {0201433117},
 edition = {1st},
 publisher = {Addison-Wesley Longman Publishing Co., Inc.},
 address = {Boston, MA, USA},
 }

% need to test genres for errant isbn output

% techreport
@techreport{897367,
 author = {Buss, Jonathan F. and Rosenberg, Arnold L. and Knott, Judson D.},
 title = {Vertex Types in Book-Embeddings},
 year = {1987},
 source = {http://www.ncstrl.org:8900/ncstrl/servlet/search?formname=detail\&id=oai%3Ancstrlh%3Aumass_cs%3Ancstrl.umassa_cs%2F%2FUM-CS-1987-018},
 publisher = {University of Massachusetts},
 address = {Amherst, MA, USA},
 }

@techreport{Buss:1987:VTB:897367,
 author = {Buss, Jonathan F. and Rosenberg, Arnold L. and Knott, Judson D.},
 title = {Vertex Types in Book-Embeddings},
 year = {1987},
 source = {http://www.ncstrl.org:8900/ncstrl/servlet/search?formname=detail\&id=oai%3Ancstrlh%3Aumass_cs%3Ancstrl.umassa_cs%2F%2FUM-CS-1987-018},
 publisher = {University of Massachusetts},
 address = {Amherst, MA, USA},
 }

% whole proceedings

@proceedings{Czerwinski:2008:1358628,
 author = {},
 note = {General Chair-Czerwinski, Mary and General Chair-Lund, Arnie and Program Chair-Tan, Desney},
 title = {CHI '08: CHI '08 extended abstracts on Human factors in computing systems},
 year = {2008},
 isbn = {978-1-60558-012-X},
 location = {Florence, Italy},
 order_no = {608085},
 publisher = {ACM},
 address = {New York, NY, USA},
 }

% phdthesis

@phdthesis{Clarkson:1985:ACP:911891,
 author = {Clarkson, Kenneth Lee},
 advisor = {Yao, Andrew C.},
 title = {Algorithms for Closest-Point Problems (Computational Geometry)},
 year = {1985},
 note = {AAT 8506171},
 school = {Stanford University},
 address = {Stanford, CA, USA},
 }
% school is being picked up -- but not publisher (which is OK)
% Also -- the title is NOT being output in italics !!! Arrrrgh! - I fixed it. :-)


%%% compare with 'old'
%%% atsign-Phdthesis{Clarkson85,
%%%  author =       "Kenneth L. Clarkson",
%%%  year =         "1985",
%%%  title =        "Algorithms for Closest-Point Problems (Computational Geometry)",
%%%  school =       "Stanford University",
%%%  address =      "Palo Alto, CA",
%%%  note =         "UMI Order Number: AAT 8506171",
%%%  type =         "",
%%%  month =        "",
%%%}

% A bibliography
@Article{1984:1040142,
 key = {{$\!\!$}},
 journal = {SIGCOMM Comput. Commun. Rev.},
 year = {1984},
 issn = {0146-4833},
 volume = {13-14},
 number = {5-1},
 issue_date = {January/April 1984},
 publisher = {ACM},
 address = {New York, NY, USA},
 }


% grinder
@inproceedings{2004:ITE:1009386.1010128,
 key = {IEEE},
 title = {IEEE TCSC Executive Committee},
 booktitle = {Proceedings of the IEEE International Conference on Web Services},
 series = {ICWS '04},
 year = {2004},
 isbn = {0-7695-2167-3},
 pages = {21--22},
 url = {http://dx.doi.org/10.1109/ICWS.2004.64},
 doi = {http://dx.doi.org/10.1109/ICWS.2004.64},
 acmid = {1010128},
 publisher = {IEEE Computer Society},
 address = {Washington, DC, USA},
}

% div book
@book{Mullender:1993:DS(:302430,
 editor = {Mullender, Sape},
 title = {Distributed systems (2nd Ed.)},
 year = {1993},
 isbn = {0-201-62427-3},
 publisher = {ACM Press/Addison-Wesley Publishing Co.},
 address = {New York, NY, USA},
 }

% master thesis (as techreport and thesis)

@techreport{Petrie:1986:NAD:899644,
 author = {Petrie, Charles J.},
 title = {New Algorithms for Dependency-Directed Backtracking (Master's thesis)},
 year = {1986},
 source = {http://www.ncstrl.org:8900/ncstrl/servlet/search?formname=detail\&id=oai%3Ancstrlh%3Autexas_cs%3AUTEXAS_CS%2F%2FAI86-33},
 publisher = {University of Texas at Austin},
 address = {Austin, TX, USA},
 }

@MASTERSTHESIS{Petrie:1986:NAD:12345,
 author = {Petrie, Charles J.},
 title = {New Algorithms for Dependency-Directed Backtracking (Master's thesis)},
 year = {1986},
 source = {http://www.ncstrl.org:8900/ncstrl/servlet/search?formname=detail\&id=oai%3Ancstrlh%3Autexas_cs%3AUTEXAS_CS%2F%2FAI86-33},
 school = {University of Texas at Austin},
 address = {Austin, TX, USA},
 }




@BOOK{book-minimal,
   author = "Donald E. Knuth",
   title = "Seminumerical Algorithms",
   publisher = "Addison-Wesley",
   year = "1981",
}

% incollection (has an editor, title, and possibly a booktitle)
@INcollection{KA:2001,
 author = {Kong, Wei-Chang},
 Title = {The implementation of electronic commerce in SMEs in Singapore (as Incoll)},
 booktitle = {E-commerce and cultural values},
 year = {2001},
 isbn = {1-59140-056-2},
 pages = {51--74},
 numpages = {24},
 url = {http://portal.acm.org/citation.cfm?id=887006.887010},
 acmid = {887010},
 publisher = {IGI Publishing},
 address = {Hershey, PA, USA},
}


% with bibfield 'type' before chapter (note no editor)
@INBOOK{KAGM:2001,
 author = {Kong, Wei-Chang},
 type = {Name of Chapter:},
 chapter = {The implementation of electronic commerce in SMEs in Singapore (Inbook-w-chap-w-type)},
 title = {E-commerce and cultural values},
 year = {2001},
 isbn = {1-59140-056-2},
 pages = {51--74},
 numpages = {24},
 url = {http://portal.acm.org/citation.cfm?id=887006.887010},
 acmid = {887010},
 publisher = {IGI Publishing},
 address = {Hershey, PA, USA},
}

%%% Notes! This is because the atsign-INBOOK citation type specifies EITHER
%%% editor or author, but not both. In my experiments with the harvard/dcu
%%% bibtex style (and presumably this applies to other styles too), bibtex
%%% ignores the editor information if author information exists in an
%%% atsign-INBOOK entry. atsign-INCOLLECTION is far more commonly used in my references,
%%% and in the absence of an editor I believe most bibtex styles will just
%%% ommit the editor from the reference - the chapter information will not
%%% end up in the in-text citation as you suggest it should be but at least
%%% there is a place to put the editor if necessary.



% was 'Inbook' -- changed to incollection - (editor is different to author) - need to tell Asad to codify as such.
@incollection{Kong:2002:IEC:887006.887010,
  author =      {Kong, Wei-Chang},
  editor =      {Theerasak Thanasankit},
  title =       {Chapter 9},
  booktitle =   {E-commerce and cultural values (Incoll-w-text (chap 9) 'title')},
  year =        {2002},
  address =     {Hershey, PA, USA},
  publisher =   {IGI Publishing},
  url =         {http://portal.acm.org/citation.cfm?id=887006.887010},
  pages =       {51--74},
  numpages =    {24},
  acmid =       {887010},
  isbn =        {1-59140-056-2},
  number =      "",
  type =        "",
  month =       "",
  note =        "",
}

% incol when the chapter is 'text' - due to presence of editor (different to author)
@incollection{Kong:2003:IEC:887006.887011,
 author = {Kong, Wei-Chang},
 title = {The implementation of electronic commerce in SMEs in Singapore (Incoll)},
 booktitle = {E-commerce and cultural values},
 editor = {Thanasankit, Theerasak},
 year = {2003},
 isbn = {1-59140-056-2},
 pages = {51--74},
 numpages = {24},
 url = {http://portal.acm.org/citation.cfm?id=887006.887010},
 acmid = {887010},
 publisher = {IGI Publishing},
 address = {Hershey, PA, USA},
}

% ------ test
%incollection{Kong:2003:IEC:887006.887010,
% author = {Kong, Wei-Chang},
% chapter = {The implementation of electronic commerce in SMEs in Singapore (Incoll-text-in-chap)},
% booktitle = {booktitle E-commerce and cultural values},
% title =   {The title},
% editor = {Thanasankit, Theerasak},
% year = {2003},
% isbn = {1-59140-056-2},
% pages = {51--74},
% numpages = {24},
% url = {http://portal.acm.org/citation.cfm?id=887006.887010},
% acmid = {887010},
% publisher = {IGI Publishing},
% address = {Hershey, PA, USA},
%}


% ---------





% Need inbook with num in chapter

% and inbook with number in chapter
@InBook{Kong:2004:IEC:123456.887010,
  author =      {Kong, Wei-Chang},
  editor =      {Theerasak Thanasankit},
  title =       {E-commerce and cultural values - (InBook-num-in-chap)},
  chapter =     {9},
  year =        {2004},
  address =     {Hershey, PA, USA},
  publisher =   {IGI Publishing},
  url =         {http://portal.acm.org/citation.cfm?id=887006.887010},
  pages =       {51--74},
  numpages =    {24},
  acmid =       {887010},
  isbn =        {1-59140-056-2},
  number =      "",
  type =        "",
  month =       "",
  note =        "",
}


% and inbook with text in chapter
@Inbook{Kong:2005:IEC:887006.887010,
  author =      {Kong, Wei-Chang},
  editor =      {Theerasak Thanasankit},
  title =       {E-commerce and cultural values (Inbook-text-in-chap)},
  chapter =     {The implementation of electronic commerce in SMEs in Singapore},
  year =        {2005},
  address =     {Hershey, PA, USA},
  publisher =   {IGI Publishing},
  url =         {http://portal.acm.org/citation.cfm?id=887006.887010},
  type =        {Chapter:},
  pages =       {51--74},
  numpages =    {24},
  acmid =       {887010},
  isbn =        {1-59140-056-2},
  number =      "",
  month =       "",
  note =        "",
}


% and inbook with a num and type field
@Inbook{Kong:2006:IEC:887006.887010,
  author =      {Kong, Wei-Chang},
  editor =      {Theerasak Thanasankit},
  title =       {E-commerce and cultural values (Inbook-num chap)},
  chapter =     {22},
  year =        {2006},
  address =     {Hershey, PA, USA},
  publisher =   {IGI Publishing},
  url =         {http://portal.acm.org/citation.cfm?id=887006.887010},
  type =        {Chapter (in type field)},
  pages =       {51--74},
  numpages =    {24},
  acmid =       {887010},
  isbn =        {1-59140-056-2},
  number =      "",
  month =       "",
  note =        "",
}


% and incol coz we have a BLANK chapter - due to presence of editor
%atIncollection{Kong:2006:IEC:887006.887011,
%  author =     {Kong, Wei-Chang},
%  editor =     {Theerasak Thanasankit},
%  title =      "The title"
%  booktitle =  {E-commerce and cultural values (Incol-coz-blank-chap)},
%  year =       {2006},
%  address =    {Hershey, PA, USA},
%  publisher =  {IGI Publishing},
%  url =        {http://portal.acm.org/citation.cfm?id=887006.887010},
%  type =       {Type!},
%  chapter =    {},
%  pages =      {51--74},
%  numpages =   {24},
%  acmid =      {887010},
%  isbn =       {1-59140-056-2},
%  number =     "",
%  month =      "",
%  note =       "",
%}

@article{SaeediMEJ10,
            author = {Mehdi Saeedi and Morteza Saheb Zamani and Mehdi Sedighi},
            title = {A library-based synthesis methodology for reversible logic},
            journal = {Microelectron. J.},
            volume = {41},
            number = {4},
            month = apr,
            year = {2010},
            pages = {185--194},
}

@ARTICLE{SaeediJETC10,
            author = {Mehdi Saeedi and Morteza Saheb Zamani and Mehdi Sedighi and Zahra Sasanian},
            title = {Synthesis of Reversible Circuit Using Cycle-Based Approach},
            journal = {J. Emerg. Technol. Comput. Syst.},
            volume = {6},
            number = {4},
            month = dec,
            year = {2010}
            }

% Asad's new version
@article{Kirschmer:2010:AEI:1958016.1958018,
 author = {Kirschmer, Markus and Voight, John},
 title = {Algorithmic Enumeration of Ideal Classes for Quaternion Orders},
 journal = {SIAM J. Comput.},
 issue_date = {January 2010},
 volume = {39},
 number = {5},
 month = jan,
 year = {2010},
 issn = {0097-5397},
 pages = {1714--1747},
 numpages = {34},
 url = {http://dx.doi.org/10.1137/080734467},
 doi = {https://doi.org/10.1137/080734467},
 acmid = {1958018},
 publisher = {Society for Industrial and Applied Mathematics},
 address = {Philadelphia, PA, USA},
 keywords = {ideal classes, maximal orders, number theory, quaternion algebras},
}


% incol due to presence of booktitle
@incollection{Hoare:1972:CIN:1243380.1243382,
 author = {Hoare, C. A. R.},
 title = {Chapter II: Notes on data structuring},
 booktitle = {Structured programming (incoll)},
 editor = {Dahl, O. J. and Dijkstra, E. W. and Hoare, C. A. R.},
 year = {1972},
 isbn = {0-12-200550-3},
 pages = {83--174},
 numpages = {92},
 url = {http://portal.acm.org/citation.cfm?id=1243380.1243382},
 acmid = {1243382},
 publisher = {Academic Press Ltd.},
 address = {London, UK, UK},
}

% incol due to presence of booktitle
@incollection{Lee:1978:TQA:800025.1198348,
 author = {Lee, Jan},
 title = {Transcript of question and answer session},
 booktitle = {History of programming languages I (incoll)},
 editor = {Wexelblat, Richard L.},
 year = {1981},
 isbn = {0-12-745040-8},
 pages = {68--71},
 numpages = {4},
 url = {http://doi.acm.org/10.1145/800025.1198348},
 doi = {http://doi.acm.org/10.1145/800025.1198348},
 acmid = {1198348},
 publisher = {ACM},
 address = {New York, NY, USA},
}

% incol due to booktitle
@incollection{Dijkstra:1979:GSC:1241515.1241518,
 author = {Dijkstra, E.},
 title = {Go to statement considered harmful},
 booktitle = {Classics in software engineering (incoll)},
 year = {1979},
 isbn = {0-917072-14-6},
 pages = {27--33},
 numpages = {7},
 url = {http://portal.acm.org/citation.cfm?id=1241515.1241518},
 acmid = {1241518},
 publisher = {Yourdon Press},
 address = {Upper Saddle River, NJ, USA},
}

% incol due to booktitle
@incollection{Wenzel:1992:TVA:146022.146089,
 author = {Wenzel, Elizabeth M.},
 title = {Three-dimensional virtual acoustic displays},
 booktitle = {Multimedia interface design (incoll)},
 year = {1992},
 isbn = {0-201-54981-6},
 pages = {257--288},
 numpages = {32},
 url = {http://portal.acm.org/citation.cfm?id=146022.146089},
 doi = {10.1145/146022.146089},
 acmid = {146089},
 publisher = {ACM},
 address = {New York, NY, USA},
}

% incol due to booktitle
@incollection{Mumford:1987:MES:54905.54911,
 author = {Mumford, E.},
 title = {Managerial expert systems and organizational change: some critical research issues},
 booktitle = {Critical issues in information systems research (incoll)},
 year = {1987},
 isbn = {0-471-91281-6},
 pages = {135--155},
 numpages = {21},
 url = {http://portal.acm.org/citation.cfm?id=54905.54911},
 acmid = {54911},
 publisher = {John Wiley \& Sons, Inc.},
 address = {New York, NY, USA},
}

@book{McCracken:1990:SSC:575315,
 author = {McCracken, Daniel D. and Golden, Donald G.},
 title = {Simplified Structured COBOL with Microsoft/MicroFocus COBOL},
 year = {1990},
 isbn = {0471514071},
 publisher = {John Wiley \& Sons, Inc.},
 address = {New York, NY, USA},
}

% Let's include Boris / BBeeton entries  (multi-volume works)

@book {MR781537,
    AUTHOR = {H{\"o}rmander, Lars},
     TITLE = {The analysis of linear partial differential operators. {III}},
    SERIES = {Grundlehren der Mathematischen Wissenschaften [Fundamental
              Principles of Mathematical Sciences]},
    VOLUME = {275},
      NOTE = {Pseudodifferential operators},
PUBLISHER = {Springer-Verlag},
   ADDRESS = {Berlin, Germany},
      YEAR = {1985},
     PAGES = {viii+525},
      ISBN = {3-540-13828-5},
   MRCLASS = {35-02 (35Sxx 47G05 58G15)},
  MRNUMBER = {781536 (87d:35002a)},
MRREVIEWER = {Min You Qi},
}

@book {MR781536,
    AUTHOR = {H{\"o}rmander, Lars},
     TITLE = {The analysis of linear partial differential operators. {IV}},
    SERIES = {Grundlehren der Mathematischen Wissenschaften [Fundamental
              Principles of Mathematical Sciences]},
    VOLUME = {275},
      NOTE = {Fourier integral operators},
PUBLISHER = {Springer-Verlag},
   ADDRESS = {Berlin, Germany},
      YEAR = {1985},
     PAGES = {vii+352},
      ISBN = {3-540-13829-3},
   MRCLASS = {35-02 (35Sxx 47G05 58G15)},
  MRNUMBER = {781537 (87d:35002b)},
MRREVIEWER = {Min You Qi},
}

%%%%%%%%%%%%%%%%%%%%%% Start of Aptara sample bib entries

% acmsmall-sam.bib
@InProceedings{Adya-01,
  author        = {A. Adya and P. Bahl and J. Padhye and A.Wolman and L. Zhou},
  title         = {A multi-radio unification protocol for {IEEE} 802.11 wireless networks},
  booktitle     = {Proceedings of the IEEE 1st International Conference on Broadnets Networks (BroadNets'04)},
  publisher     = "IEEE",
  address       = "Los Alamitos, CA",
  year          = {2004},
  pages         = "210--217"
}

@article{Akyildiz-01,
  author        = {I. F. Akyildiz and W. Su and Y. Sankarasubramaniam and E. Cayirci},
  title         = {Wireless Sensor Networks: A Survey},
  journal       = {Comm. ACM},
  volume        = 38,
  number        = "4",
  year          = {2002},
  pages         = "393--422"
}

@article{Akyildiz-02,
  author        = {I. F. Akyildiz and T. Melodia and K. R. Chowdhury},
  title         = {A Survey on Wireless Multimedia Sensor Networks},
  journal       = {Computer Netw.},
  volume        = 51,
  number        = "4",
  year          = {2007},
  pages         = "921--960"
}

@InProceedings{Bahl-02,
  author        = {P. Bahl and R. Chancre and J. Dungeon},
  title         = {{SSCH}: Slotted Seeded Channel Hopping for Capacity Improvement in {IEEE} 802.11 Ad-Hoc Wireless Networks},
  booktitle     = {Proceeding of the 10th International Conference on Mobile Computing and Networking (MobiCom'04)},
  publisher     = "ACM",
  address       = "New York, NY",
  year          = {2004},
  pages         = "112--117"
}

@misc{CROSSBOW,
  key       = {CROSSBOW},
  title     = {{XBOW} Sensor Motes Specifications},
  note      = {http://www.xbow.com},
  year      = 2008
}

@article{Culler-01,
  author        = {D. Culler and D. Estrin and M. Srivastava},
  title         = {Overview of Sensor Networks},
  journal       = {IEEE Comput.},
  volume        = 37,
  number        = "8 (Special Issue on Sensor Networks)",
  publisher     = "IEEE",
  address       = "Los Alamitos, CA",
  year          = {2004},
  pages         = "41--49"
}

@misc{Harvard-01,
    key         = {Harvard CodeBlue},
    title       = {{CodeBlue}: Sensor Networks for Medical Care},
    note        = {http://www.eecs.harvard.edu/mdw/ proj/codeblue/},
    year        = 2008
}

@InProceedings{Natarajan-01,
    author      = {A. Natarajan and M. Motani and B. de Silva and K. Yap and K. C. Chua},
    title       = {Investigating Network Architectures for Body Sensor Networks},
    booktitle   = {Network Architectures},
    editor      = {G. Whitcomb and P. Neece},
    publisher   = "Keleuven Press",
    address     = "Dayton, OH",
    year        = {2007},
    pages       = "322--328",
    eprint      = "960935712",
    primaryclass = "cs",
}

@techreport{Tzamaloukas-01,
  author        = {A. Tzamaloukas and J. J. Garcia-Luna-Aceves},
  title         = {Channel-Hopping Multiple Access},
  number =        {I-CA2301},
  institution =   {Department of Computer Science, University of California},
  address =       {Berkeley, CA},
  year          = {2000}
}

@BOOK{Zhou-06,
  author        = {G. Zhou and J. Lu and C.-Y. Wan and M. D. Yarvis and J. A. Stankovic},
  title         = {Body Sensor Networks},
  publisher     = "MIT Press",
  address       = "Cambridge, MA",
  year          = {2008}
}

@mastersthesis{ko94,
author = "Jacob Kornerup",
title = "Mapping Powerlists onto Hypercubes",
school = "The University of Texas at Austin",
note = "(In preparation)",
year = "1994"}
%month = "dec",}

@PhdThesis{gerndt:89,
  author =       "Michael Gerndt",
  title =        "Automatic Parallelization for Distributed-Memory
                  Multiprocessing Systems",
  school =       "University of Bonn",
  year =         1989,
  address =      "Bonn, Germany",
  month =        dec
}

@article{6:1:1,
author = "J. E. {Archer, Jr.} and R. Conway and F. B. Schneider",
title = "User recovery and reversal in interactive systems",
journal = "ACM Trans. Program. Lang. Syst.",
volume =  "6",
number = "1",
month = jan,
year = 1984,
pages = "1--19"}

@article{7:1:137,
author = "D. D. Dunlop and V. R. Basili",
title = "Generalizing specifications for uniformly implemented loops",
journal = "ACM Trans. Program. Lang. Syst.",
volume =  "7",
number = "1",
month = jan,
year = 1985,
pages = "137--158"}

@article{7:2:183,
author = "J. Heering and P. Klint",
title = "Towards monolingual programming environments",
journal = "ACM Trans. Program. Lang. Syst.",
volume =  "7",
number = "2",
month = apr,
year = 1985,
pages = "183--213"}

@book{knuth:texbook,
author = "Donald E. Knuth",
title = "The {\TeX{}book}",
publisher = "Addison-Wesley",
address = "Reading, MA.",
year = 1984}

@article{6:3:380,
author = "E. Korach and D.  Rotem and N. Santoro",
title = "Distributed algorithms for finding centers and medians in networks",
journal = "ACM Trans. Program. Lang. Syst.",
volume =  "6",
number = "3",
month = jul,
year = 1984,
pages = "380--401"}

@book{lamport:latex,
author = "Leslie Lamport",
title = "\it {\LaTeX}: A Document Preparation System",
publisher = "Addison-Wesley",
address = "Reading, MA.",
year = 1986}

@article{7:3:359,
author = "F. Nielson",
title = "Program transformations in a denotational setting",
journal = "ACM Trans. Program. Lang. Syst.",
volume =  "7",
number = "3",
month = jul,
year = 1985,
pages = "359--379"}

%testing
@BOOK{test,
   author = "Donald E. Knuth",
   title = "Seminumerical Algorithms",
   volume = 2,
   series = "The Art of Computer Programming",
   publisher = "Addison-Wesley",
   address = "Reading, MA",
   edition = "2nd",
   month = "10~" # jan,
   year = "1981",
}

@inproceedings{reid:scribe,
author = "Brian K. Reid",
title = "A high-level approach to computer document formatting",
booktitle = "Proceedings of the 7th Annual Symposium on Principles of
  Programming Languages",
month = jan,
year = 1980,
publisher = "ACM",
address = "New York",
pages = "24--31"}

@article{Zhou:2010:MMS:1721695.1721705,
 author = {Zhou, Gang and Wu, Yafeng and Yan, Ting and He, Tian and Huang, Chengdu and Stankovic, John A. and Abdelzaher, Tarek F.},
 title = {A multifrequency MAC specially designed for wireless sensor network applications},
 journal = {ACM Trans. Embed. Comput. Syst.},
 issue_date = {March 2010},
 volume = 9,
 number = 4,
 month = {April},
 year = 2010,
 issn = {1539-9087},
 pages = {39:1--39:41},
 articleno = 39,
 numpages = 41,
 url = {http://doi.acm.org/10.1145/1721695.1721705},
 doi = {10.1145/1721695.1721705},
 acmid = 1721705,
 publisher = {ACM},
 address = {New York, NY, USA},
 keywords = {Wireless sensor networks, media access control, multi-channel, radio interference, time synchronization},
}


@online{TUGInstmem,
  key =          {TUG},
  year  =        2017,
  title =        "Institutional members of the {\TeX} Users Group",
  url =          "http://wwtug.org/instmem.html",
  lastaccessed = "May 27, 2017",
}

@online{CTANacmart,
  author =    {Boris Veytsman},
  title =  {acmart---{C}lass for typesetting publications of {ACM}},
  url =    {http://www.ctan.org/pkg/acmart},
  lastaccessed = {May 27, 2017}
  }

@ARTICLE{bowman:reasoning,
    author = {Bowman, Mic and Debray, Saumya K. and Peterson, Larry L.},
    title = {Reasoning About Naming Systems},
    journal = {ACM Trans. Program. Lang. Syst.},
    volume = {15},
    number = {5},
    pages = {795-825},
    month = {November},
    year = {1993},
    doi = {10.1145/161468.161471},
}

@ARTICLE{braams:babel,
    author = {Braams, Johannes},
    title = {Babel, a Multilingual Style-Option System for Use with LaTeX's Standard Document Styles},
    journal = {TUGboat},
    volume = {12},
    number = {2},
    pages = {291-301},
    month = {June},
    year = {1991},
}

@INPROCEEDINGS{clark:pct,
  AUTHOR = "Malcolm Clark",
  TITLE = "Post Congress Tristesse",
  BOOKTITLE = "TeX90 Conference Proceedings",
  PAGES = "84-89",
  ORGANIZATION = "TeX Users Group",
  MONTH = "March",
  YEAR = {1991}
}

@ARTICLE{herlihy:methodology,
    author = {Herlihy, Maurice},
    title = {A Methodology for Implementing Highly Concurrent Data Objects},
    journal = {ACM Trans. Program. Lang. Syst.},
    volume = {15},
    number = {5},
    pages = {745-770},
    month = {November},
    year = {1993},
    doi = {10.1145/161468.161469},
}

@BOOK{salas:calculus,
  AUTHOR = "S.L. Salas and Einar Hille",
  TITLE = "Calculus: One and Several Variable",
  PUBLISHER = "John Wiley and Sons",
  ADDRESS = "New York",
  YEAR = "1978"
}

@MANUAL{Fear05,
  title =        {Publication quality tables in {\LaTeX}},
  author =       {Simon Fear},
  month =        {April},
  year =         2005,
  note =         {\url{http://www.ctan.org/pkg/booktabs}}
}

@Manual{Amsthm15,
  title =        {Using the amsthm Package},
  organization = {American Mathematical Society},
  month =        {April},
  year =         2015,
  note =         {\url{http://www.ctan.org/pkg/amsthm}}
}

@ArtifactSoftware{R,
    title = {R: A Language and Environment for Statistical Computing},
    author = {{R Core Team}},
    organization = {R Foundation for Statistical Computing},
    address = {Vienna, Austria},
    year = {2019},
    url = {https://www.R-project.org/},
}

@ArtifactDataset{UMassCitations,
 author    =  {Sam Anzaroot and Andrew McCallum},
 title     =  {{UMass} Citation Field Extraction Dataset},
 year      = 2013,
 url       =
    {http://www.iesl.cs.umass.edu/data/data-umasscitationfield},
 lastaccessed = {May 27, 2019}
}

@Eprint{Bornmann2019,
       author = {Bornmann, Lutz and Wray, K. Brad and Haunschild,
                  Robin},
        title = {Citation concept analysis {(CCA)}---A new form of
                  citation analysis revealing the usefulness of
                  concepts for other researchers illustrated by two
                  exemplary case studies including classic books by
                  {Thomas S.~Kuhn} and {Karl R.~Popper}},
     keywords = {Computer Science - Digital Libraries},
         year = 2019,
        month = "May",
          eid = {arXiv:1905.12410},
archivePrefix = {arXiv},
       eprint = {1905.12410},
 primaryClass = {cs.DL},
}

@Eprint{AnzarootPBM14,
  author    = {Sam Anzaroot and
               Alexandre Passos and
               David Belanger and
               Andrew McCallum},
  title     = {Learning Soft Linear Constraints with Application to
                  Citation Field Extraction},
  year      = {2014},
  archivePrefix = {arXiv},
  eprint    = {1403.1349},
}

% My entries % ================================================= |

@online{Kent-2020-history-experimental-method,
  author =    {Jo Kent},
  title =  {The Impact of the Scientific Revolution: A Brief History of the Experimental Method in the 17th Century},
  url =    {https://cnx.org/contents/Obp6KDON@1/The-Impact-of-the-Scientific-Revolution-A-Brief-History-of-the-Experimental-Method-in-the-17th-Century},
  lastaccessed = {April 27, 2020}
  }
  
  @book{Wohlin-2012-experimentatio-SE,
  	author		= {Wohlin, Claes and Runeson, Per and Hst, Martin and Ohlsson, Magnus C. and Regnell, Bjrn and Wessln, Anders},
  	title		= {Experimentation in Software Engineering},
  	year		= {2012},
  	isbn		= {3642290434},
  	publisher	= {Springer Publishing Company, Incorporated}
}

@book{Kitchenham-2015-Evidence-Based-SE,
	author		= {Kitchenham, Barbara Ann and Budgen, David and Brereton, Pearl},
	title		= {Evidence-Based Software Engineering and Systematic Reviews},
	year		= {2015},
	isbn		= {1482228653},
	publisher	= {Chapman \& Hall/CRC}
}

@article{Sjoberg-2005-survey-experiments-SE,
	author		= {D. I. K. {Sjoeberg} and J. E. {Hannay} and O. {Hansen} and V. B. {Kampenes} and A. {Karahasanovic} and N. -. {Liborg} and A. C. {Rekdal}},
	journal		= {IEEE Transactions on Software Engineering},
	title		= {A survey of controlled experiments in software engineering},
	year		= {2005},
	volume		= {31},
	number		= {9},
	DOI			= {10.1109/TSE.2005.97},
	pages		= {733-753},
}

@INPROCEEDINGS{Dieste-2013-industry-experiments-SE,
	author		= {O. {Dieste} and N. {Juristo} and M. D. {Martínez}},
	booktitle	= {2013 1st International Workshop on Conducting Empirical Studies in Industry (CESI)},
	title		= {Software industry experiments: A systematic literature review},
	year		= {2013},
	volume		= {},
	number		= {},
	DOI			= {10.1109/CESI.2013.6618462},
	pages		= {2-8},
}

@ARTICLE{Kitchenham-2002-empirical-research-guidelines-SE,
	author		= {B. A. {Kitchenham} and S. L. {Pfleeger} and L. M. {Pickard} and P. W. {Jones} and D. C. {Hoaglin} and K. {El Emam} and J. {Rosenberg}},
	journal		= {IEEE Transactions on Software Engineering},
	title		= {Preliminary guidelines for empirical research in software engineering},
	year		= {2002},
	volume		= {28},
	number		= {8},
	DOI			= {10.1109/TSE.2002.1027796},
	pages		= {721-734},
}

@proceedings{Mian-200-computarized-infraestructure,
	Address		= {Uberlandia, Brasil},
	Author		= {Mian, Paula G. and Travassos, Guilherme H. and Da Rocha, Ana},
	Journal		= {2nd Experimental Software Engineering Latin American Workshop - ESELAW 2005},
	Title		= {A Computerized Infrastructure for Supporting Experimentation in Software Engineering},
	Year		= {2005},
}

@inproceedings{Mendonca-2008-FIRE,
	Author		= {Mendonca, M.G. and Maldonado, J.C. and de Oliveira, M.C.F. and Carver, J. and Fabbri, S.C.P.F. and Shull, F. and Travassos, Guilherme H. and Hohn, E.N. and Basili, V.R.},
	Booktitle	= {Engineering of Complex Computer Systems, 2008. ICECCS 2008. 13th IEEE International Conference on},
	Doi			= {10.1109/ICECCS.2008.38},
	Keywords	= {software engineering;Framework for Improving the Replication of Experiments;experimental evidence;experimental knowledge transfer;knowledge sharing;software engineering experimental replication;Costs;Cultural differences;Educational institutions;Fires;Humans;Knowledge transfer;Production;Programming;Robustness;Software engineering;empirical software engineering;reading techniques;replications},
	Month		= {March},
	Pages		= {203-212},
	Title		= {A Framework for Software Engineering Experimental Replications},
	Year		= {2008},
	Url			= {https://doi.org/10.1109/ICECCS.2008.38}
}

@inproceedings{Reyes-2018-Statistical-Errors-SE,
	author		= {Reyes, Rolando P. and Dieste, Oscar and Fonseca, Efra\'{\i}n R. and Juristo, Natalia},
	title		= {Statistical Errors in Software Engineering Experiments: A Preliminary Literature Review},
	year		= {2018},
	isbn		= {9781450356381},
	publisher	= {Association for Computing Machinery},
	address		= {New York, NY, USA},
	url			= {https://doi.org/10.1145/3180155.3180161},
	doi			= {10.1145/3180155.3180161},
	booktitle	= {Proceedings of the 40th International Conference on Software Engineering},
	pages		= {1195–1206},
	numpages	= {12},
	keywords	= {prevalence, literature review, statistical errors, survey},
	location	= {Gothenburg, Sweden},
	series		= {ICSE ’18}
}

@INPROCEEDINGS{Espinosa-2011-SPL-experimentation-SE,
	author		= {E. G. E. {Gallardo}},
	booktitle	= {2012 Sixth International Conference on Research Challenges in Information Science (RCIS)},
	title		= {Using configuration management and product line software paradigms to support the experimentation process in software engineering},
	doi			= {10.1109/RCIS.2012.6240454},
	year		= {2012},
	volume		= {},
	number		= {},
	pages		= {1-6},
}

@inproceedings{Weyuker-2011-ESE-Good-Bad-Ugly,
	Author		= {E. J. Weyuker},
	Booktitle	= {2011 International Symposium on Empirical Software Engineering and Measurement},
	Doi			= {10.1109/ESEM.2011.66},
	Issn		= {1949-3770},
	Keywords	= {software engineering;ideas validation;knowledge state;software engineering research community;Communities;Computers;Production;Software engineering;Software systems;Testing;adoption of research;empirical studies;software engineering;validating experiments},
	Month		= {Sept},
	Pages		= {1-9},
	Title		= {Empirical Software Engineering Research - The Good, The Bad, The Ugly},
	Year = {2011},
}

@article{Jorgensen-2016-Incorrects-Results-SEE,
	title		= "Incorrect results in software engineering experiments: How to improve research practices",
	journal		= "Journal of Systems and Software",
	volume		= "116",
	pages		= "133 - 145",
	year		= "2016",
	issn		= "0164-1212",
	doi			= "https://doi.org/10.1016/j.jss.2015.03.065",
	url			= "http://www.sciencedirect.com/science/article/pii/S0164121215000679",
	author		= "Magne Jørgensen and Tore Dybå and Knut Liestøl and Dag I.K. Sjøberg",
	keywords	= "Controlled experiments, Empirical software engineering, Statistical hypothesis testing",
}

@article{Baumgardner-1997-statistical-issues-medicine,
	Author		= {Kirk R Baumgardner},
	Doi			= {https://doi.org/10.1016/S1079-2104(97)90272-9},
	Issn		= {1079-2104},
	Journal		= {Oral Surgery, Oral Medicine, Oral Pathology, Oral Radiology, and Endodontology},
	Number		= {5},
	Pages		= {550 - 556},
	Title		= {A review of key research design and statistical analysis issues},
	Url			= {http://www.sciencedirect.com/science/article/pii/S1079210497902729},
	Volume		= {84},
	Year		= {1997},
	Bdsk-Url-1	= {http://www.sciencedirect.com/science/article/pii/S1079210497902729},
	Bdsk-Url-2	= {https://doi.org/10.1016/S1079-2104(97)90272-9}
}

@article{Kumar-2014-design-experiment-bioprocessing,
	Author		= {Vijesh Kumar and Akriti Bhalla and Anurag S. Rathore},
	Journal		= {Biotechnol Progress},
	Keywords	= {Box-Behnken; D-optimal; I-optimal; Plackett-Burman; bioprocessing; central composite; design of experiments},
	Month		= {January - February},
	Number		= {1},
	Pages		= {86-99},
	Title		= {Design of experiments applications in bioprocessing: concepts and approach},
	Volume		= {30},
	Year		= {2014},
}

@article{Garcia-2012-ciencia-abierta,
	Author		= {Garc{\'\i}a, E. and L{\'o}pez, J.},
	Issn		= {20143214},
	Journal		= {Intangible Capital},
	Keywords	= {QUALITATIVE research, DATA analysis, SCIENCE & state, MOBILE apps, SOCIAL sciences, EUROPE, 2.0 Technologies, e-Science, Open Science, Qualitative Research, Ciencia abierta, e-Ciencia, Investigaci{\'o}n cualitativa, Tecnolog{\'\i}as 2.0},
	Number		= {3},
	Pages		= {497 - 519},
	Title		= {Ciencia abierta, e-ciencia y nuevas tecnolog{\'\i}as: Desaf{\'\i}os y antiguos problemas en la investigaci{\'o}n cualitativa en las ciencias sociales.},
	Volume		= {8},
	Year		= {2012}
}

@article{stoker-2009-iLAP-bioinformatics,
	Author		= {Stocker, Gernot and Fischer, Maria and Rieder, Dietmar and Bindea, Gabriela and Kainz, Simon and Oberstolz, Michael and McNally, JamesG and Trajanoski, Zlatko},
	Doi			= {10.1186/1471-2105-10-390},
	Journal		= {BMC Bioinformatics},
	Month		= {November},
	Number		= {1},
	Pages		= {1-12},
	Publisher	= {BioMed Central},
	Title		= {iLAP: a workflow-driven software for experimental protocol development, data acquisition and analysis},
	Url			= {http://dx.doi.org/10.1186/1471-2105-10-390},
	Volume		= {10},
	Year		= {2009},
}

@Article{Jones-2007-FUGE,
	author		= {Jones, Andrew R. and Miller, Michael and Aebersold, Ruedi and Apweiler, Rolf and Ball, Catherine A. and Brazma, Alvis and DeGreef, James and Hardy, Nigel and Hermjakob, Henning and Hubbard, Simon J. and Hussey, Peter and Igra, Mark and Jenkins, Helen and Julian, Randall K. and Laursen, Kent and Oliver, Stephen G. and Paton, Norman W. and Sansone, Susanna-Assunta and Sarkans, Ugis and Stoeckert, Christian J. and Taylor, Chris F. and Whetzel, Patricia L. and White, Joseph A.
and Spellman, Paul and Pizarro, Angel},
	title		= {The Functional Genomics Experiment model (FuGE): an extensible framework for standards in functional genomics},
	journal		= {Nature Biotechnology},
	year		= {2007},
	month		= {Oct},
	day			= {01},
	volume		= {25},
	number		= {10},
	pages		= {1127-1133},
	issn		= {1546-1696},
	doi			= {10.1038/nbt1347},
	url			= {https://doi.org/10.1038/nbt1347}
}

@inproceedings{ko-2012-SMISB,
	Author		= {Kyung Dae Ko and Chunmei Liu and Mashariki, A.R. and Burge, L.},
	Booktitle	= {Computational Intelligence in Bioinformatics and Computational Biology (CIBCB), 2012 IEEE Symposium on},
	Keywords	= {bioinformatics;data communication;data structures;electronic data interchange;genomics;medical information systems;proteomics;standardisation;SMISB;data communication;data exchange;data management;data modeling;data reporting;data representation;data terminology;epigenomics;high-throughput performance;metabolomics;minimum information management;omics studies;proteomics;standardization;systems biology;transcriptomics;unified standardized format;Biological system modeling;Data models;Databases;Genomics;Standards;Systems biology;minimum information;object model;omics;systems biology},
	Pages		= {164-168},
	Title		= {SMISB: A system for Managing Minimum Information from omics' studies in systems biology},
	Year		= {2012},
}

@article{Zendler-2001-published-experiments,
	Address		= {Hingham, MA, USA},
	Author		= {Zendler, Andreas},
	Doi			= {10.1023/A:1011489321999},
	Issn		= {1382-3256},
	Journal		= {Empirical Software Engineering},
	Keywords	= {Experimental software engineering, theory of software engineering},
	Month		= {June},
	Number		= {2},
	Pages		= {161--180},
	Publisher	= {Kluwer Academic Publishers},
	Title		= {A Preliminary Software Engineering Theory as Investigated by Published Experiments},
	Volume		= {6},
	Year		= {2001},
}

@inproceedings{Dieste-2011-comparative-meta-analysis,
	Author		= {Dieste, Oscar and Fernandez, Enrique and Martinez, Ramon Garcia and Juristo, Natalia},
	Booktitle	= {15th Annual Conference on Evaluation and Assessment in Software Engineering (EASE 2011)},
	Doi			= {10.1049/ic.2011.0005},
	Keywords	= {Meta-analysis, reliability, statistical power, effect size, weighted mean difference (WMD), response ratio (RR), vote counting.},
	Month		= {April},
	Number		= {1},
	Pages		= {36--45},
	Title		= {Comparative analysis of meta-analysis methods: When to use which?},
	Volume		= {15},
	Year		= {2011},
}

@INPROCEEDINGS{Bezerra-2015-Replication-SE-U-SMS,
	author		= {R. M. M. {Bezerra} and F. Q. B. {da Silva} and A. M. {Santana} and C. V. C. {Magalhaes} and R. E. S. {Santos}},
	booktitle	= {2015 ACM/IEEE International Symposium on Empirical Software Engineering and Measurement (ESEM)},
	title		= {Replication of Empirical Studies in Software Engineering: An Update of a Systematic Mapping Study},
	year		= {2015},
	volume		= {},
	number		= {},
	doi			= {10.1109/ESEM.2015.7321213},
	pages		= {1-4},
}

@book{Juristo-2001-SE-experimentation,
	Author		= {Juristo, Natalia and Moreno, Ana M.},
	Institution	= {Universidad Polit{\'e}cnica de Madrid},
	Isbn		= {0-7923-7990-X},
	Publisher	= {Kluwer Academic Publishers},
	Title		= {Basics of Software Engineering Experimentation},
	Year		= {2001}
}

@book{Wohlin-2000-Experimentation-SE,
	Author		= {Wohlin, Claes and Runeson, Per and H{\"o}st, Martin and Ohlsson, Magnus C. and Regnell, Bj{\"o}rn and Wessl{\'e}n, Anders},
	Institution	= {Lund University Sweden},
	Isbn		= {0-7923-8682-5},
	Publisher	= {Kluwer Academic Publishers},
	Title		= {Experimentation in software engineering An introduction},
	Year		= {2000},
}

@ARTICLE{Basili-1986-ESE,
	author		= {V. R. {Basili} and R. W. {Selby} and D. H. {Hutchens}},
	journal		= {IEEE Transactions on Software Engineering},
	Keywords = {controlled experiment, data collection and analysis, empirical study, experiment design, software metrics, software technology measurement and evaluation},
	title		= {Experimentation in software engineering},
	year		= {1986},
	Month		= {July},
	volume		= {SE-12},
	number		= {7},
	pages		= {733-743},
	doi			= {10.1109/TSE.1986.6312975},
}

@ARTICLE{Kitchenham-preliminary-guidelines-ESE,
	author		={B. A. {Kitchenham} and S. L. {Pfleeger} and L. M. {Pickard} and P. W. {Jones} and D. C. {Hoaglin} and K. {El Emam} and J. {Rosenberg}},
	journal		= {IEEE Transactions on Software Engineering},
	title		= {Preliminary guidelines for empirical research in software engineering},
	year		= {2002},
	volume		= {28},
	number		= {8},
	pages		= {721-734},
	doi			= {10.1109/TSE.2002.1027796},
}

@Inbook{Jedlitschka-2008-reporting-experiments-SE,
	author		= {Jedlitschka, Andreas and Ciolkowski, Marcus and Pfahl, Dietmar},
	editor		= {Shull, Forrest and Singer, Janice and Sj{\o}berg, Dag I. K.},
	title		= {Reporting Experiments in Software Engineering},
	bookTitle	= {Guide to Advanced Empirical Software Engineering},
	year		= {2008},
	publisher	= {Springer London},
	address		= {London},
	pages		= {201--228},
	isbn		= {978-1-84800-044-5},
	doi			= {10.1007/978-1-84800-044-5_8},
	url			= {https://doi.org/10.1007/978-1-84800-044-5_8},
}

@article{Kitchenham-2008-,
	Author = {Kitchenham, Barbara and Al-Khilidar, Hiyam and Babar, MuhammedAli and Berry, Mike and Cox, Karl and Keung, Jacky and Kurniawati, Felicia and Staples, Mark and Zhang, He and Zhu, Liming},
	Issn = {1382-3256},
	Journal = {Empirical Software Engineering},
	Keywords = {Controlled experiments; Software engineering; Guidelines; Perspective-based reading; Checklist-based reviews},
	Number = {1},
	Pages = {97-121},
	Title = {Evaluating guidelines for reporting empirical software engineering studies},
	Volume = {13},
	Year = {2008}
}

@Article{Kitchenham-2008-guidelines-reporting-SE,
	author		= {Kitchenham, Barbara and Al-Khilidar, Hiyam and Babar, Muhammed Ali and Berry, Mike and Cox, Karl and Keung, Jacky and Kurniawati, Felicia and Staples, Mark and Zhang, He and Zhu, Liming},
	title		= {Evaluating guidelines for reporting empirical software engineering studies},
	journal		= {Empirical Software Engineering},
	year		= {2008},
	month		= {Feb},
	day			= {01},
	volume		= {13},
	number		= {1},
	pages		= {97-121},
	issn		= {1573-7616},
	doi			= {10.1007/s10664-007-9053-5},
	url			= {https://doi.org/10.1007/s10664-007-9053-5},
}

@inproceedings{Carver-2010-guidelines-replication-SE,
	Address		= {Cape Town, South Africa},
	Author		= {Jeffrey C. Carver},
	Booktitle	= {Proceedings of the 1st International Workshop on Replication in Empirical Software Engineering Research (RESER)},
	Month		= {May 4,},
	Title		= {Towards Reporting Guidelines for Experimental Replications: A Proposal},
	Year		= {2010},
}

@article{Noorden-2011-trouble-retractions,
	Author		= {Van Noorden, R.},
	Doi			= {10.1038/478026a},
	Journal		= {Nature},
	Month		= {10},
	Pages		= {26-28},
	Number		= {478},
	Publisher	= {Science publishing},
	Title		= {The trouble with retractions},
	Url			= {https://doi.org/10.1038/478026a},
	Year		= {2011}
}

@article{Weigmann-2005-consequence-errors,
	Author		= {Weigmann, Katrin},
	Doi			= {10.1038/sj.embor.7400389},
	Journal		= {EMBO Reports},
	Month		= {04},
	Pages		= {306-309},
	Number		= {6},
	Title		= {The consequence of errors. From memory molecules to the criminal chromosome, erroneous conclusions continue to blight scientific research},
	Url			= {https://doi.org/10.1038/sj.embor.7400389},
	Year		= {2005}
}

@inproceedings{sjoberg-2007-future-empical-methods,
	Acmid		= {1254730},
	Address		= {Washington, DC, USA},
	Author		= {Sjoberg, Dag I. K. and Dyba, Tore and Jorgensen, Magne},
	Booktitle	= {2007 Future of Software Engineering},
	Doi			= {10.1109/FOSE.2007.30},
	Isbn		= {0-7695-2829-5},
	Numpages	= {21},
	Pages		= {358--378},
	Publisher	= {IEEE Computer Society},
	Series		= {FOSE '07},
	Title		= {The Future of Empirical Methods in Software Engineering Research},
	Url			= {http://dx.doi.org/10.1109/FOSE.2007.30},
	Year		= {2007},
}

@article{Sharp-2016-Ethnographic-Studies-ESE,
	Author		= {H. Sharp and Y. Dittrich and C. de Souza},
	Journal		= {IEEE Transactions on Software Engineering},
	Keywords	= {Computer science;Context;Electronic mail;Guidelines;Sociology;Software;Software engineering;D.2.14 Human Factors in Software Design;D.2.18 Software Engineering Process;D.2.2 Design Tools and Techniques;K.4.3.b Computer-supported collaborative work},
	Number		= {99},
	Pages		= {1-1},
	Title		= {The Role of Ethnographic Studies in Empirical Software Engineering},
	Volume		= {PP},
	Year		= {2016},
}

@book{Runenson-2012-case-study-SE,
	author		= {Runeson, Per and Host, Martin and Rainer, Austen and Regnell, Bjorn},
	title		= {Case Study Research in Software Engineering: Guidelines and Examples},
	year		= {2012},
	isbn		= {1118104358},
	publisher	= {Wiley Publishing},
	edition 	= {1st},
	DOI			= {10.1002/9781118181034},
}

@Article{Lethbridge-2005-data-collection-techniques-SE,
	author		= {Lethbridge, Timothy C. and Sim, Susan Elliott and Singer, Janice},
	title		= {Studying Software Engineers: Data Collection Techniques for Software Field Studies},
	journal		= {Empirical Software Engineering},
	year		= {2005},
	month		= {Jul},
	day			= {01},
	volume		= {10},
	number		= {3},
	pages		= {311-341},
	issn		= {1573-7616},
	doi			= {10.1007/s10664-005-1290-x},
	url			= {https://doi.org/10.1007/s10664-005-1290-x}
}

@Article{Kitchenham-2016-robust,
	Title		= {Robust Statistical Methods for Empirical Software Engineering},
	Author		= {Kitchenham, Barbara and Madeyski, Lech and Budgen, David and Keung, Jacky and Brereton, Pearl and Charters, Stuart and Gibbs, Shirley and Pohthong, Amnart},
	Journal		= {Empirical Software Engineering},
	Year		= {2016},
	Pages		= {1--52},
	Doi			= {10.1007/s10664-016-9437-5},
	ISSN		= {1573-7616},
	Url			= {http://dx.doi.org/10.1007/s10664-016-9437-5}
}

@Article{Arcuri-2014-randomized,
	Title		= {A Hitchhiker's guide to statistical tests for assessing randomized algorithms in software engineering},
	Author		= {Arcuri, Andrea and Briand, Lionel},
	Journal		= {Software Testing, Verification and Reliability},
	Year		= {2014},
	Number		= {3},
	Pages		= {219--250},
	Volume		= {24},
	Doi			= {10.1002/stvr.1486},
	ISSN		= {1099-1689},
	Keywords	= {statistical difference, effect size, parametric test, nonparametric test, confidence interval, Bonferroni adjustment, systematic review, survey},
	Url			= {http://dx.doi.org/10.1002/stvr.1486}
}

@inproceedings{Ferreira-2017-planning-experiments,
	author		= {Ferreira, Waldemar and Baldassarre, Maria Teresa and Soares, Sergio and Cartaxo, Bruno and Visaggio, Giuseppe},
	title		= {A Comparative Study of Model-Driven Approaches For Scoping and Planning Experiments},
	year		= {2017},
	isbn		= {9781450348041},
	publisher	= {Association for Computing Machinery},
	address		= {New York, NY, USA},
	url			= {https://doi.org/10.1145/3084226.3084258},
	doi			= {10.1145/3084226.3084258},
	booktitle	= {Proceedings of the 21st International Conference on Evaluation and Assessment in Software Engineering},
	pages		= {78-87},
	numpages	= {10},
	keywords	= {Experiment Specification, Experiment Plan, Experimentation},
	location	= {Karlskrona, Sweden},
	series		= {EASE'17}
}

@inproceedings{Fonseca-2017-design-experiments,
	author		= {Fonseca, Liliane and Soares, Sergio and Seaman, Carolyn},
	title		= {Describing What Experimental Software Engineering Experts Do When They Design Their Experiments: A Qualitative Study},
	year		= {2017},
	isbn		= {9781509040391},
	publisher	= {IEEE Press},
	url			= {https://doi.org/10.1109/ESEM.2017.63},
	doi			= {10.1109/ESEM.2017.63},
	booktitle	= {Proceedings of the 11th ACM/IEEE International Symposium on Empirical Software Engineering and Measurement},
	pages		= {211-216},
	numpages	= {6},
	keywords	= {qualitative study, software engineering, experiments, human subjects},
	location	= {Markham, Ontario, Canada},
	series		= {ESEM'17}
}

@ARTICLE{Anchundia-2020-resources-reproducibility,
	author		= {C. E. {Anchundia} and E. R. {Fonseca C.}},
	journal		= {IEEE Access},
	title		= {Resources for Reproducibility of Experiments in Empirical Software Engineering: Topics Derived From a Secondary Study},
	year		= {2020},
	volume		= {8},
	number		= {},
	pages		= {8992-9004},
	doi			= {10.1109/ACCESS.2020.2964587},
	url			= {https://doi.org/10.1109/ACCESS.2020.2964587}
}

@article{Klein-2018-many,
	Author		= {Klein, Richard A and Vianello, Michelangelo and Hasselman, Fred and Adams, Byron G and Adams Jr, Reginald B and Alper, Sinan and Aveyard, Mark and Axt, Jordan R and Babalola, Mayowa T and Bahn{\'\i}k, {\v{S}}t{\v{e}}p{\'a}n and others},
	Journal		= {Advances in Methods and Practices in Psychological Science},
	Number		= {4},
	Pages		= {443--490},
	Publisher	= {SAGE Publications Sage CA: Los Angeles, CA},
	Title		= {Many Labs 2: Investigating variation in replicability across samples and settings},
	Volume		= {1},
	Year		= {2018}
}

@article{Pashler-2012-perspectives,
	Author		= {Harold Pashler and Eric--Jan Wagenmakers},
	Journal		= {Perspectives on Psychological Science},
	Number		= {6},
	Pages		= {528-530},
	Title		= {Editors' Introduction to the Special Section on Replicability in Psychological Science: A Crisis of Confidence?},
	Volume		= {7},
	Year		= {2012}
}

@article{baker-2016-reproducibility,
	Author		= {Baker, Monya},
	Journal		= {Nature News},
	Number		= {7604},
	Pages		= {452},
	Title		= {1,500 scientists lift the lid on reproducibility},
	Volume		= {533},
	Year		= {2016}
}

@article{ford-2013-unreliable,
	Author		= {Ford, J},
	Journal		= {The Economist},
	Number		= {8858},
	Pages		= {26--31},
	Title		= {Unreliable research: trouble at the lab},
	Volume		= {409},
	Year		= {2013}
}

@article{hines-2014-sorting,
	Author		= {Hines, William C and Su, Ying and Kuhn, Irene and Polyak, Kornelia and Bissell, Mina J},
	Journal		= {Cell reports},
	Number		= {5},
	Pages		= {779--781},
	Publisher	= {Elsevier},
	Title		= {Sorting out the FACS: a devil in the details},
	Volume		= {6},
	Year		= {2014}
}

@inproceedings{Juristo-2010-using,
	Author		= {N. {Juristo} and S. {Vegas}},
	Booktitle	= {2010 7th IEEE Working Conference on Mining Software Repositories (MSR 2010)},
	Doi			= {10.1109/MSR.2010.5463362},
	Issn		= {2160-1852},
	Keywords	= {software engineering;software engineering;experiment replications;natural sciences;software development complexity;Software engineering;Knowledge engineering;Physics;Chemistry;Programming;Biographies;Software systems;Software measurement},
	Month		= {May},
	Pages		= {1-1},
	Title		= {Using differences among replications of software engineering experiments to gain knowledge},
	Year		= {2010},
	Bdsk-Url-1	= {https://doi.org/10.1109/MSR.2010.5463362}
}

@book{Polanyi-1996-tacit-k,
	Author		= {Polanyi, Michael},
	Publisher	= {Doubleday and Company INC.},
	Title		= {The Tacit Dimension},
	Year		= {1966},
}

@INPROCEEDINGS{Shull-2002-replicating-SE-experiments-tacit-k,
	author		= {F. {Shull} and V. {Basili} and J. {Carver} and J. C. {Maldonado} and G. H. {Travassos} and M. {Mendonca} and S. {Fabbri}},
	booktitle	= {Proceedings International Symposium on Empirical Software Engineering},
	title		= {Replicating software engineering experiments: addressing the tacit knowledge problem},
	year		= {2002},
	volume		= {},
	number		= {},
	pages		= {7-16},
}

@misc{Rube-2011-experimental,
	Author			= {Ruben, Adam},
	Journal			= {Science},
	Month			= {Jun},
	Note			= {Accessed: 2019-07-09},
	Publisher		= {American Association for the Advancement of Science (AAAS)},
	Title			= {Experimental Error: What Happens in the Lab Stays in the Lab},
	Year			= {2011}
}

@misc{Loukides-2015-beyond,
	Author			= {Loukides, Mike},
	Howpublished	= {\url{https://www.oreilly.com/ideas/beyond-lab-folklore-and-mythology}},
	Month			= {Jan},
	Note			= {Accessed: 2019-07-09},
	Publisher		= {O'Reilly},
	Title			= {Beyond lab folklore and mythology},
	Year			= {2015}
}

@incollection{Fidler-2018-reproducibility-scientific-results,
	Author			= {Fidler, Fiona and Wilcox, John},
	Booktitle		= {The Stanford Encyclopedia of Philosophy},
	Edition			= {Winter 2018},
	Editor			= {Edward N. Zalta},
	Howpublished	= {\url{https://plato.stanford.edu/archives/win2018/entries/scientific-reproducibility/}},
	Publisher		= {Metaphysics Research Lab, Stanford University},
	Title			= {Reproducibility of Scientific Results},
	Year			= {2018}
}

@article{Gonzalez-Barahona-2012-Reproducibility,
	Author		= {Gonz{\'a}lez-Barahona, Jes{\'u}s M. and Robles, Gregorio},
	Journal		= {Empirical Software Engineering},
	Month		= {Feb},
	Number		= {1},
	Pages		= {75--89},
	Title		= {On the reproducibility of empirical software engineering studies based on data retrieved from development repositories},
	Volume		= {17},
	Year		= {2012}
}

@article{Madeyski-2017-would,
	Author		= {Madeyski, Lech and Kitchenham, Barbara},
	Journal		= {Journal of Intelligent \& Fuzzy Systems},
	Number		= {2},
	Pages		= {1509--1521},
	Publisher	= {IOS Press},
	Title		= {Would wider adoption of reproducible research be beneficial for empirical software engineering research?},
	Volume		= {32},
	Year		= {2017}
}

@article{Olorisade-2017-reproducibility,
	Author		= {Babatunde Kazeem Olorisade and Pearl Brereton and Peter Andras},
	Journal		= {Journal of Biomedical Informatics},
	Pages		= {1 - 13},
	Title		= {Reproducibility of studies on text mining for citation screening in systematic reviews: Evaluation and checklist},
	Volume		= {73},
	Year		= {2017}
}

@misc{Crotty-2014-nevermind,
	Author		= {Crotty, David},
	Journal		= {The Scholarly Kitchen},
	Month		= {Nov},
	Publisher	= {Society for Scholarly Publishing},
	Title		= {Nevermind the Data, Where are the Protocols?},
	Url			= {https://scholarlykitchen.sspnet.org/2014/11/18/nevermind-the-data-where-are-the-protocols/},
	Year		= {2014},
	Bdsk-Url-1	= {https://scholarlykitchen.sspnet.org/2014/11/18/nevermind-the-data-where-are-the-protocols/}
}

@article{Nature-2007-methods,
	Day			= {14},
	Journal		= {Nature},
	Month		= {Feb},
	Pages		= {684},
	Publisher	= {Nature Publishing Group},
	Title		= {Methods in full},
	Url			= {https://doi.org/10.1038/445684a},
	Volume		= {445},
	Year		= {2007},
	Bdsk-Url-1	= {https://doi.org/10.1038/445684a}
}

@article{Nature-2013-announcement,
	Author		= {Nature Editorial},
	Journal		= {Nature},
	Number		= {7446},
	Title		= {Announcement: Reducing our irreproducibility},
	Url			= {https://doi.org/10.1038/496398a},
	Volume		= {496},
	Year		= {2013},
	Bdsk-Url-1	= {https://doi.org/10.1038/496398a}
}

@article{Solari-2018-content,
	Author		= {Mart{\'\i}n Solari and Sira Vegas and Natalia Juristo},
	Journal		= {Information and Software Technology},
	Pages		= {64 - 79},
	Title		= {Content and structure of laboratory packages for software engineering experiments},
	Volume		= {97},
	Year		= {2018}
}

@inproceedings{Biffl-2013-replication-data-management,
	Author		= {S. {Biffl} and E. {Serral} and D. {Winkler} and N. {Condori-Fern{\'a}ndez} and O. {Dieste} and N. {Juristo}},
	Booktitle	= {2013 ACM / IEEE International Symposium on Empirical Software Engineering and Measurement},
	Doi			= {10.1109/ESEM.2013.60},
	Issn		= {1949-3770},
	Keywords	= {data handling;software engineering;replication data management;integrating heterogeneous replication;initial evaluation;conceptual approaches;RDM;data collections;data sources;ATAM evaluation process;Data models;Ecosystems;Software engineering;Semantics;Software;Context;Data integration;Infrastructure for conducting empirical studies;replication of empirical studies;software knowledge management},
	Month		= {Oct},
	Pages		= {233-242},
	Title		= {Replication Data Management: Needs and Solutions -- An Initial Evaluation of Conceptual Approaches for Integrating Heterogeneous Replication Study Data},
	Year		= {2013},
	Bdsk-Url-1	= {https://doi.org/10.1109/ESEM.2013.60}
}

@article{Miller-2005-replicating-SE-experiments,
	Author		= {James Miller},
	Doi			= {https://doi.org/10.1016/j.infsof.2004.08.005},
	Issn		= {0950-5849},
	Journal		= {Information and Software Technology},
	Keywords	= {Software engineer, Real world settings, Empirical values},
	Number		= {4},
	Pages		= {233 - 244},
	Title		= {Replicating software engineering experiments: a poisoned chalice or the Holy Grail},
	Url			= {http://www.sciencedirect.com/science/article/pii/S0950584904001259},
	Volume		= {47},
	Year		= {2005},
	Bdsk-Url-1	= {http://www.sciencedirect.com/science/article/pii/S0950584904001259},
	Bdsk-Url-2	= {https://doi.org/10.1016/j.infsof.2004.08.005}
}

@article{Demagalhaes-2015-SMS-replications,
	Doi			= {https://doi.org/10.1016/j.infsof.2015.02.001},
	Issn		= {0950-5849},
	Journal		= {Information and Software Technology},
	Keywords	= {Replications, Experiments, Empirical studies, Mapping study, Systematic literature review, Software engineering},
	Pages		= {76 - 101},
	Title		= {Investigations about replication of empirical studies in software engineering: A systematic mapping study},
	Url			= {http://www.sciencedirect.com/science/article/pii/S0950584915000300},
	Volume		= {64},
	Year		= {2015},
	Bdsk-Url-1	= {http://www.sciencedirect.com/science/article/pii/S0950584915000300},
	Bdsk-Url-2	= {https://doi.org/10.1016/j.infsof.2015.02.001}
}

@article{Basili-1999-families-experiments,
	Author		= {Basili, Victor R. and Shull, Forrest and Lanubile, Filippo},
	Journal		= {IEEE Transactions on Software Engineering},
	Month		= {July/August},
	Number		= {4},
	Pages		= {456--473},
	Title		= {Building Knowledge through Families of Experiments},
	Volume		= {25},
	Year		= {1999},
}

@book{Outhwaite-2007-sage,
	Author		= {Outhwaite, W. and Turner, S.},
	Isbn		= {9781446206454},
	Publisher = {SAGE Publications},
	Title		= {The SAGE Handbook of Social Science Methodology},
	Url			= {https://books.google.es/books}
	id			= {8BU63Xf2JGQC},
	Year		= {2007},
	Bdsk-Url-1	= {https://books.google.es/books?id=8BU63Xf2JGQC}
}

@inproceedings{Gallardo-2012-CG-PL-SE,
	Author		= {E. G. E. {Gallardo}},
	Booktitle	= {2012 Sixth International Conference on Research Challenges in Information Science (RCIS)},
	Doi			= {10.1109/RCIS.2012.6240454},
	Issn		= {2151-1357},
	Keywords	= {Internet;product development;software engineering;software packages;storage management;configuration management;product line software paradigms;experimentation process;software engineering;software development;replication packages;SE experimentation;version management problems;information exchange;explicit knowledge;systematic decisions;replication support Web environment;massive experimental data storage;Software;Software engineering;Materials;Programming;Instruments;Software reliability;software engineering;experimental replication;replication package},
	Month		= {May},
	Pages		= {1-6},
	Title		= {Using configuration management and product line software paradigms to support the experimentation process in software engineering},
	Year		= {2012},
	Bdsk-Url-1	= {https://doi.org/10.1109/RCIS.2012.6240454}
}

@inproceedings{Vegas-2006-communication-researchers,
	Annote		= {The idea of what documentation should be transferred to replicating experimenters has varied over the years. Originally, the documentation transferred about an experiment was the publications concerning this experiment. There was no specific documentation for replication.},
	Author		= {Vegas, Sira and Juristo, Natalia and Moreno, Ana and Solari, Mart{\'\i}n and Letelier, Patricio},
	Booktitle	= {International Symposium on Empirical Software Engineering},
	Doi			= {10.1145/1159733.1159741},
	Isbn		= {1-59593-218-6},
	Keywords	= {empirical studies, experimentation, replication},
	Location	= {Rio de Janeiro, Brazil},
	Pages		= {28--37},
	Series		= {ISESE '06},
	Title		= {Analysis of the influence of communication between researchers on experiment replication},
	Year		= {2006},
}

@article{Gomez-2014-understanding-replication,
	Author		= {Omar S. G{\'o}mez and Natalia Juristo and Sira Vegas},
	Doi			= {https://doi.org/10.1016/j.infsof.2014.04.004},
	Issn		= {0950-5849},
	Journal		= {Information and Software Technology},
	Keywords	= {Software engineering, Experimental software engineering, Experimentation, Replication},
	Number		= {8},
	Pages		= {1033 - 1048},
	Title		= {Understanding replication of experiments in software engineering: A classification},
	Url			= {http://www.sciencedirect.com/science/article/pii/S0950584914000858},
	Volume		= {56},
	Year		= {2014},
	Bdsk-Url-1	= {https://doi.org/10.1016/j.infsof.2014.04.004}
}

@article{Demagalhaes-2015-replications-SE,
	Author		= {Cleyton V.C. de Magalh\~{a}es and Fabio Q.B. da Silva and Ronnie E.S. Santos and Marcos Suassuna},
	Doi			= {https://doi.org/10.1016/j.infsof.2015.02.001},
	Issn		= {0950-5849},
	Journal		= {Information and Software Technology},
	Keywords	= {Replications, Experiments, Empirical studies, Mapping study, Systematic literature review, Software engineering},
	Pages		= {76 - 101},
	Title		= {Investigations about replication of empirical studies in software engineering: A systematic mapping study},
	Url			= {http://www.sciencedirect.com/science/article/pii/S0950584915000300},
	Volume		= {64},
	Year		= {2015},
	Bdsk-Url-1	= {https://doi.org/10.1016/j.infsof.2015.02.001}
}

@article{Vegas-2016-crossover-designs-experiments-SE,
	Author		= {S. Vegas and C. Apa and N. Juristo},
	Doi			= {10.1109/TSE.2015.2467378},
	Journal		= {IEEE Transactions on Software Engineering},
	Keywords	= {software engineering;SE research;crossover design;crossover experiment;software engineering experiments;Animals;Atmospheric measurements;Information processing;Particle measurements;Psychology;Software engineering;US Government agencies;Data analysis;Experimental software engineering;carryover;controlled experiment;crossover design;crossover designs;data analysis},
	Month		= {February},
	Number		= {2},
	Pages		= {120-135},
	Title		= {Crossover Designs in Software Engineering Experiments: Benefits and Perils},
	Volume		= {42},
	Year		= {2016},
}

@Article{Kitchenham-2008-role-replications-ESE,
	author		= {Kitchenham, Barbara},
	title		= {The role of replications in empirical software engineering---a word of warning},
	journal		= {Empirical Software Engineering},
	year		= {2008},
	month		= {Apr},
	day			= {01},
	volume		= {13},
	number		= {2},
	pages		= {219--221},
	issn		= {1573-7616},
	doi			= {10.1007/s10664-008-9061-0},
	url			= {https://doi.org/10.1007/s10664-008-9061-0}
}

@book{Pressley-1995-verbal-protocols,
	Address		= {Hillsdale, NJ, US},
	Author		= {Pressley, M. and Afflerbach, P.},
	Publisher	= {Lawrence Erlbaum Associates, Inc.},
	Title		= {Verbal protocols of reading: The nature of constructively responsive reading},
	Year		= {1995}
}

@Article{Mohamed-1993-roles-ESE,
	author		= {W.E.A. Mohamed and C.J. Sadler and D. Law},
	title		= {Experimentation In Software Engineering: A New Framework},
	journal		= {WIT Transactions on Information and Communications Technologies},
	year		= {1993},
	month		= {},
	day			= {},
	volume		= {4},
	number		= {},
	pages		= {},
	issn		= {1743-3517},
	doi			= {10.2495/SQM930311},
	url			= {https://doi.org/10.2495/SQM930311}
}

@Article{Shull-2004-Knowledge-sharing-issues-SE,
	author		= {Shull, Forrest and Mendonc{\c{c}}a, Manoel G. and Basili, Victor and Carver, Jeffrey and Maldonado, Jos{\'e} C. and Fabbri, Sandra and Travassos, Guilherme Horta and Ferreira, Maria Cristina},
	title		= {Knowledge-Sharing Issues in Experimental Software Engineering},
	journal		= {Empirical Software Engineering},
	year		= {2004},
	month		= {Mar},
	day			= {01},
	volume		= {9},
	number		= {1},
	pages		= {111-137},
	issn		= {1573-7616},
	doi			= {10.1023/B:EMSE.0000013516.80487.33},
	url			= {https://doi.org/10.1023/B:EMSE.0000013516.80487.33},
}

@article{LeCompte-1982-problems-ethnographic,
	author		= {Margaret D. LeCompte and Judith Preissle Goetz},
	title		={Problems of Reliability and Validity in Ethnographic Research},
	journal		= {Review of Educational Research},
	volume		= {52},
	number		= {1},
	pages		= {31-60},
	year		= {1982},
	doi			= {10.3102/00346543052001031},
	url			= {tttps://doi.org/10.3102/00346543052001031},
	eprint		= {https://doi.org/10.3102/00346543052001031}
}

@book{Yin-2009-case-study,
	Author		= {Yin, RobertK.},
	Publisher	= {SAGE Publications},
	Title		= {Case Study Research Design and Methods},
	Year		= {2009},
	series		= {Applied social research methods series},
}

@article {Baker-2016-lid-reproducibility,
	Title = {1,500 scientists lift the lid on reproducibility},
	Author = {Baker, Monya},
	DOI = {10.1038/533452a},
	Number = {7604},
	Volume = {533},
	Month = {May},
	Year = {2016},
	Journal = {Nature},
	ISSN = {0028-0836},
	Pages = {452—454},
	URL = {https://doi.org/10.1038/533452a},
}

@Inbook{Juristo-2012-replication-SE,
	author		= "Juristo, Natalia and G{\'o}mez, Omar S.",
	editor		= "Meyer, Bertrand and Nordio, Martin",
	title		= "Replication of Software Engineering Experiments",
	bookTitle	= "Empirical Software Engineering and Verification: International Summer Schools, LASER 2008-2010, Elba Island, Italy, Revised Tutorial Lectures",
	year		= "2012",
	publisher	= "Springer Berlin Heidelberg",
	address		= "Berlin, Heidelberg",
	pages		= "60--88",
	isbn		= "978-3-642-25231-0",
	doi			= "10.1007/978-3-642-25231-0_2",
	url			= "https://doi.org/10.1007/978-3-642-25231-0_2"
}

@techreport{Dalkey-1967-Delphi,
	Address		= {Santa Monica, California},
	Author		= {Dalkey, Norman C.},
	Institution	= {RAND Corporation},
	Month		= {October},
	Title		= {DELPHI},
	Type		= {Technical Report},
	Year		= {1967},
	url			= {https://apps.dtic.mil/dtic/tr/fulltext/u2/660554.pdf},
}

@article {Baker-2016-lid-reproducibility,
	Title = {1,500 scientists lift the lid on reproducibility},
	Author = {Baker, Monya},
	DOI = {10.1038/533452a},
	Number = {7604},
	Volume = {533},
	Month = {May},
	Year = {2016},
	Journal = {Nature},
	ISSN = {0028-0836},
	Pages = {452—454},
	URL = {https://doi.org/10.1038/533452a},
}

@article{hines2014sorting,
	Author = {Hines, William C and Su, Ying and Kuhn, Irene and Polyak, Kornelia and Bissell, Mina J},
	Journal = {Cell reports},
	Number = {5},
	Pages = {779--781},
	Publisher = {Elsevier},
	Title = {Sorting out the FACS: a devil in the details},
	Volume = {6},
	Year = {2014}}
	
@misc{ruben2011experimental,
	Author = {Ruben, Adam},
	Journal = {Science},
	Month = {Jun},
	Note = {Accessed: 2019-07-09},
	Publisher = {American Association for the Advancement of Science (AAAS)},
	Title = {Experimental Error: What Happens in the Lab Stays in the Lab},
	Year = {2011}}
	
@misc{loukides2015beyond,
	Author = {Loukides, Mike},
	Howpublished = {\url{https://www.oreilly.com/ideas/beyond-lab-folklore-and-mythology}},
	Month = {Jan},
	Note = {Accessed: 2019-07-09},
	Publisher = {O'Reilly},
	Title = {Beyond lab folklore and mythology},
	Year = {2015}
}

@techreport{ISO-IEC-IEEE-12207,
	address		= {Geneva, CH},
	type		= {Standard},
	title		= {ISO/IEC/IEEE 12207 Systems and software engineering – Software life cycle processes},
	shorttitle	= {{ISO}/{IEC}/{IEEE} 12207:2017},
	url			= {https://www.iso.org/standard/63712.html},
	language	= {en},
	number		= {ISO/IEC/IEEE 12207:2017},
	institution	= {International Organization for Standardization},
	author		= {{ISO Central Secretary}},
	year		= {2017}
}

@ARTICLE {Roizer-2014-reproducibility,
	author  	= "K.Y. Rozier and  E.W.D. Rozier",
	title   	= "Reproducibility, correctness, and buildability: The three principles for ethical public dissemination of computer science and engineering research",
	journal 	= "2014 IEEE International Symposium on Ethics in Science, Technology and Engineering",
	year    	= "2014",
	month   	= "may"
}

@article{Cooper-2007-Sharing-Data-Ethnographic-Research,
	Author		=	{Cooper, M.},
	Journal		=	{Journal of Empirical Research on Human Research Ethics},
	Number		=	{2},
	Pages		=	{3–19},
	doi			=	{https://doi.org/10.1525/jer.2007.2.1.3},
	Title		=	{Sharing Data and Results in Ethnographic Research: Why This Should Not Be an Ethical Imperative},
	Volume		=	{1},
	Year		=	{2007}
}

@CONFERENCE{Yang-2021-interview-study-developers,
	author		= {Yang, Nan and Cuijpers, Pieter and Schiffelers, Ramon and Lukkien, Johan and Serebrenik, Alexander},
	title		= {An interview study of how developers use execution logs in embedded software engineering},
	year		= {2021},
	journal		= {Proceedings - International Conference on Software Engineering},
	pages		= {61 – 70},
	doi			= {10.1109/ICSE-SEIP52600.2021.00015},
}

@CONFERENCE{Strandberg-2019-Ethical-Interviews-SE,
	author		= {Strandberg, Per Erik},
	title		= {Ethical Interviews in Software Engineering},
	year		= {2019},
	journal		= {International Symposium on Empirical Software Engineering and Measurement},
	volume		= {2019-Septemer},
	doi			= {10.1109/ESEM.2019.8870192},
}

@ARTICLE{Johanssen-2019-Continuous-SE-support,
	author		= {Johanssen, Jan Ole and Kleebaum, Anja and Paech, Barbara and Bruegge, Bernd},
	title		= {Continuous software engineering and its support by usage and decision knowledge: An interview study with practitioners},
	year		= {2019},
	journal		= {Journal of Software: Evolution and Process},
	volume		= {31},
	number		= {5},
	doi			= {10.1002/smr.2169},
}

@inproceedings{mendoza-2019-learn-by-doing-methodology,
	title={Learn by doing as a didactic strategy through the codecademy web portal in pedagogical practice to promote creative thinking and significant learning in students},
	author={Mendoza, FA G{\'o}mez and P{\'e}rez, HJ Gallardo and Jaimes, D Villamizar},
	booktitle={Journal of Physics: Conference Series},
	volume={1408},
	number={1},
	pages={012025},
	year={2019},
	organization={IOP Publishing}
}

@inproceedings{Gomez-2010-Replications-Types,
	author		= {G\'{o}mez, Omar S. and Juristo, Natalia and Vegas, Sira},
	title		= {Replications Types in Experimental Disciplines},
	year		= {2010},
	isbn		= {9781450300391},
	publisher	= {Association for Computing Machinery},
	address		= {New York, NY, USA},
	url			= {https://doi.org/10.1145/1852786.1852790},
	doi			= {10.1145/1852786.1852790},
	booktitle	= {Proceedings of the 2010 ACM-IEEE International Symposium on Empirical Software Engineering and Measurement},
	articleno	= {3},
	numpages	= {10},
	location	= {Bolzano-Bozen, Italy},
	series		= {ESEM '10}
}

@booklet{Creswell-2009-Method-Approaches,
	author		= {Creswell, John W.},
	howpublished = {Retrieved from http://www.amazon.com},
	title		= {Research Design: Qualitative, Quantitative, and Mixed Methods Approaches [Kindle DX version]},
	year		= {2009}
}

@book{montgomery-2019-Design-Analysis-Experiments,
	author		= {Montgomery, Douglas C.},
	isbn		= {978-1-119-49244-3},
	publisher	= {John Wiley \& Sons, Incorporated},
	series		= {Wiley Plus Products Series},
	title		= {Design and Analysis of Experiments},
	url			= {http://books.google.es/books?id=MQsItwAACAAJ},
	year		= {2019},
}

@Unpublished{Fonseca-2023-experimentation-proccess-SE-unpublished,
	author		=	{Fonseca C., Efraín R. and Dieste, Oscar and Juristo, Natalia},
	title		=	{A City upon a Hill: Casting Light on a Real Experimental Process},
	note		=	{preprint on webpage at \url{https://arxiv.org/abs/2108.12800}},
}

@article{traini2022exploring,
  title={Exploring performance assurance practices and challenges in agile software development: an ethnographic study},
  author={Traini, Luca},
  journal={Empirical Software Engineering},
  volume={27},
  number={3},
  pages={74},
  year={2022},
  publisher={Springer}
}

@article{azarova2022just,
  title={Just slack it: A study of multidisciplinary teamwork based on ethnography and data from online collaborative software},
  author={Azarova, Mayya and Hazoglou, Michael and Aronoff-Spencer, Eliah},
  journal={New Media \& Society},
  volume={24},
  number={6},
  pages={1435--1458},
  year={2022},
  publisher={SAGE Publications Sage UK: London, England}
}

@inproceedings{yadav2023development,
  title={Development of an GA-RBF based Model for Penetration of Electric Vehicles and its Projections},
  author={Yadav, Sameer and Sudman, Md Sakiul Islam and Dubey, Pankaj Kumar and Srinivas, Romala Vijava and Srisainath, R and Devi, V Chithra},
  booktitle={2023 International Conference on Self Sustainable Artificial Intelligence Systems (ICSSAS)},
  pages={1--6},
  year={2023},
  organization={IEEE}
}